TF_ID	Family_ID	TSource_ID	Motif_ID	MSource_ID	DBID	TF_Name	TF_Species	TF_Status	Family_Name	DBDs	DBD_Count	Cutoff	DBID.1	Motif_Type	MSource_Identifier	MSource_Type	MSource_Author	MSource_Year	PMID	MSource_Version	TfSource_Name	TfSource_URL	TfSource_Year	TfSource_Month	TfSource_Day
T004843_1.02	F035_1.02	TS19_1.02	M5918_1.02	MS20_1.02	ENSG00000008196	TFAP2B	Homo_sapiens	D	AP-2	TF_AP-2	1	0.7	TFAP2B_2	SELEX	Jolma	SELEX	Jolma	2013	23332764	January 2013	Ensembl	http://www.ensembl.org/	2011	Oct	26
T004843_1.02	F035_1.02	TS19_1.02	M5917_1.02	MS20_1.02	ENSG00000008196	TFAP2B	Homo_sapiens	D	AP-2	TF_AP-2	1	0.7	TFAP2B_1	SELEX	Jolma	SELEX	Jolma	2013	23332764	January 2013	Ensembl	http://www.ensembl.org/	2011	Oct	26
T004843_1.02	F035_1.02	TS19_1.02	M5919_1.02	MS20_1.02	ENSG00000008196	TFAP2B	Homo_sapiens	D	AP-2	TF_AP-2	1	0.7	TFAP2B_3	SELEX	Jolma	SELEX	Jolma	2013	23332764	January 2013	Ensembl	http://www.ensembl.org/	2011	Oct	26
T004844_1.02	F035_1.02	TS19_1.02	M6146_1.02	MS18_1.02	ENSG00000008197	TFAP2D	Homo_sapiens	D	AP-2	TF_AP-2	1	0.7	AP2D_f1	HocoMoco	HocoMoco	HocoMoco	Kulakovskiy	2013	23175603	July 2014	Ensembl	http://www.ensembl.org/	2011	Oct	26
T004845_1.02	F035_1.02	TS19_1.02	M2320_1.02	MS19_1.02	ENSG00000087510	TFAP2C	Homo_sapiens	D	AP-2	TF_AP-2	1	0.7	MA0524.1	ChIP-seq	JASPAR	JASPAR	Mathelier	2014	24194598	August 2014	Ensembl	http://www.ensembl.org/	2011	Oct	26
T004846_1.02	F035_1.02	TS19_1.02	M0085_1.02	MS02_1.02	ENSG00000116819	TFAP2E	Homo_sapiens	I	AP-2	TF_AP-2	1	0.7	Tcfap2e_3713	PBM	Badis09	PBM	Badis	2009	19443739	NULL	Ensembl	http://www.ensembl.org/	2011	Oct	26
T004847_1.02	F035_1.02	TS19_1.02	M1838_1.02	MS19_1.02	ENSG00000137203	TFAP2A	Homo_sapiens	D	AP-2	TF_AP-2	1	0.7	MA0003.2	ChIP-seq	JASPAR	JASPAR	Mathelier	2014	24194598	August 2014	Ensembl	http://www.ensembl.org/	2011	Oct	26
T007405_1.02	F039_1.02	TS19_1.02	M6148_1.02	MS18_1.02	ENSG00000116017	ARID3A	Homo_sapiens	D	ARID/BRIGHT	ARID	1	0.65	ARI3A_f1	HocoMoco	HocoMoco	HocoMoco	Kulakovskiy	2013	23175603	July 2014	Ensembl	http://www.ensembl.org/	2011	Oct	26
T007409_1.02	F039_1.02	TS19_1.02	M6149_1.02	MS18_1.02	ENSG00000150347	ARID5B	Homo_sapiens	D	ARID/BRIGHT	ARID	1	0.65	ARI5B_f1	HocoMoco	HocoMoco	HocoMoco	Kulakovskiy	2013	23175603	July 2014	Ensembl	http://www.ensembl.org/	2011	Oct	26
T007410_1.02	F039_1.02	TS19_1.02	M0104_1.02	MS29_1.02	ENSG00000179361	ARID3B	Homo_sapiens	I	ARID/BRIGHT	ARID	1	0.65	pTH4425	PBM	Zoo_01	PBM	Weirauch	2014	25215497	NULL	Ensembl	http://www.ensembl.org/	2011	Oct	26
T007411_1.02	F039_1.02	TS19_1.02	M0108_1.02	MS02_1.02	ENSG00000196843	ARID5A	Homo_sapiens	I	ARID/BRIGHT	ARID	1	0.65	Arid5a_3770	PBM	Badis09	PBM	Badis	2009	19443739	NULL	Ensembl	http://www.ensembl.org/	2011	Oct	26
T007412_1.02	F039_1.02	TS19_1.02	M0105_1.02	MS02_1.02	ENSG00000205143	ARID3C	Homo_sapiens	I	ARID/BRIGHT	ARID	1	0.65	Arid3a_3875	PBM	Badis09	PBM	Badis	2009	19443739	NULL	Ensembl	http://www.ensembl.org/	2011	Oct	26
T008430_1.02	F045_1.02	TS19_1.02	M1536_1.02	MS01_1.02	ENSG00000189079	ARID2	Homo_sapiens	I	ARID/BRIGHT,RFX	ARID,RFX_DNA_binding	2	0.7	RFX1_4537	PBM	Badis08	PBM	Badis	2008	19111667	NULL	Ensembl	http://www.ensembl.org/	2011	Oct	26
T008675_1.02	F048_1.02	TS19_1.02	M6279_1.02	MS18_1.02	ENSG00000137309	HMGA1	Homo_sapiens	D	AT hook	AT_hook	1	0.4	HMGA1_f1	HocoMoco	HocoMoco	HocoMoco	Kulakovskiy	2013	23175603	July 2014	Ensembl	http://www.ensembl.org/	2011	Oct	26
T008676_1.02	F048_1.02	TS19_1.02	M6280_1.02	MS18_1.02	ENSG00000149948	HMGA2	Homo_sapiens	D	AT hook	AT_hook	1	0.4	HMGA2_f1	HocoMoco	HocoMoco	HocoMoco	Kulakovskiy	2013	23175603	July 2014	Ensembl	http://www.ensembl.org/	2011	Oct	26
T011266_1.02	F067_1.02	TS19_1.02	M1889_1.02	MS19_1.02	ENSG00000125952	MAX	Homo_sapiens	D	bHLH,bZIP	HLH,bZIP_1	2	0.7	MA0058.2	ChIP-seq	JASPAR	JASPAR	Mathelier	2014	24194598	August 2014	Ensembl	http://www.ensembl.org/	2011	Oct	26
T014162_1.02	F070_1.02	TS19_1.02	M5633_1.02	MS20_1.02	ENSG00000009950	MLXIPL	Homo_sapiens	D	bHLH	HLH	1	0.6	MLXIPL_1	SELEX	Jolma	SELEX	Jolma	2013	23332764	January 2013	Ensembl	http://www.ensembl.org/	2011	Oct	26
T014163_1.02	F070_1.02	TS19_1.02	M0220_1.02	MS29_1.02	ENSG00000029153	ARNTL2	Homo_sapiens	I	bHLH	HLH	1	0.6	pTH5064	PBM	Zoo_01	PBM	Weirauch	2014	25215497	NULL	Ensembl	http://www.ensembl.org/	2011	Oct	26
T014165_1.02	F070_1.02	TS19_1.02	M2917_1.02	MS26_1.02	ENSG00000063438	AHRR	Homo_sapiens	I	bHLH	HLH	1	0.6	V$AHR_01	Transfac	Transfac	Transfac	Matys	2006	16381825	2014.2	Ensembl	http://www.ensembl.org/	2011	Oct	26
T014165_1.02	F070_1.02	TS19_1.02	M6139_1.02	MS18_1.02	ENSG00000063438	AHRR	Homo_sapiens	I	bHLH	HLH	1	0.6	AHR_si	HocoMoco	HocoMoco	HocoMoco	Kulakovskiy	2013	23175603	July 2014	Ensembl	http://www.ensembl.org/	2011	Oct	26
T014166_1.02	F070_1.02	TS19_1.02	M5930_1.02	MS20_1.02	ENSG00000068323	TFE3	Homo_sapiens	D	bHLH	HLH	1	0.6	TFE3_1	SELEX	Jolma	SELEX	Jolma	2013	23332764	January 2013	Ensembl	http://www.ensembl.org/	2011	Oct	26
T014167_1.02	F070_1.02	TS19_1.02	M0199_1.02	MS29_1.02	ENSG00000069812	HES2	Homo_sapiens	I	bHLH	HLH	1	0.6	pTH5259	PBM	Zoo_01	PBM	Weirauch	2014	25215497	NULL	Ensembl	http://www.ensembl.org/	2011	Oct	26
T014168_1.02	F070_1.02	TS19_1.02	M5634_1.02	MS20_1.02	ENSG00000070444	MNT	Homo_sapiens	D	bHLH	HLH	1	0.6	MNT_1	SELEX	Jolma	SELEX	Jolma	2013	23332764	January 2013	Ensembl	http://www.ensembl.org/	2011	Oct	26
T014169_1.02	F070_1.02	TS19_1.02	M5900_1.02	MS20_1.02	ENSG00000071564	TCF3	Homo_sapiens	D	bHLH	HLH	1	0.6	TCF3_1	SELEX	Jolma	SELEX	Jolma	2013	23332764	January 2013	Ensembl	http://www.ensembl.org/	2011	Oct	26
T014170_1.02	F070_1.02	TS19_1.02	M2387_1.02	MS19_1.02	ENSG00000072310	SREBF1	Homo_sapiens	D	bHLH	HLH	1	0.6	MA0595.1	ChIP-seq	JASPAR	JASPAR	Mathelier	2014	24194598	August 2014	Ensembl	http://www.ensembl.org/	2011	Oct	26
T014172_1.02	F070_1.02	TS19_1.02	M5926_1.02	MS20_1.02	ENSG00000090447	TFAP4	Homo_sapiens	D	bHLH	HLH	1	0.6	TFAP4_1	SELEX	Jolma	SELEX	Jolma	2013	23332764	January 2013	Ensembl	http://www.ensembl.org/	2011	Oct	26
T014173_1.02	F070_1.02	TS19_1.02	M6275_1.02	MS18_1.02	ENSG00000100644	HIF1A	Homo_sapiens	D	bHLH	HLH	1	0.6	HIF1A_si	HocoMoco	HocoMoco	HocoMoco	Kulakovskiy	2013	23175603	July 2014	Ensembl	http://www.ensembl.org/	2011	Oct	26
T014174_1.02	F070_1.02	TS19_1.02	M0212_1.02	MS29_1.02	ENSG00000101190	TCFL5	Homo_sapiens	I	bHLH	HLH	1	0.6	pTH4576	PBM	Zoo_01	PBM	Weirauch	2014	25215497	NULL	Ensembl	http://www.ensembl.org/	2011	Oct	26
T014175_1.02	F070_1.02	TS19_1.02	M6500_1.02	MS18_1.02	ENSG00000104903	LYL1	Homo_sapiens	I	bHLH	HLH	1	0.6	TAL1_f1	HocoMoco	HocoMoco	HocoMoco	Kulakovskiy	2013	23175603	July 2014	Ensembl	http://www.ensembl.org/	2011	Oct	26
T014176_1.02	F070_1.02	TS19_1.02	M2322_1.02	MS19_1.02	ENSG00000105698	USF2	Homo_sapiens	D	bHLH	HLH	1	0.6	MA0526.1	ChIP-seq	JASPAR	JASPAR	Mathelier	2014	24194598	August 2014	Ensembl	http://www.ensembl.org/	2011	Oct	26
T014177_1.02	F070_1.02	TS19_1.02	M5932_1.02	MS20_1.02	ENSG00000105967	TFEC	Homo_sapiens	D	bHLH	HLH	1	0.6	TFEC_1	SELEX	Jolma	SELEX	Jolma	2013	23332764	January 2013	Ensembl	http://www.ensembl.org/	2011	Oct	26
T014178_1.02	F070_1.02	TS19_1.02	M6139_1.02	MS18_1.02	ENSG00000106546	AHR	Homo_sapiens	D	bHLH	HLH	1	0.6	AHR_si	HocoMoco	HocoMoco	HocoMoco	Kulakovskiy	2013	23175603	July 2014	Ensembl	http://www.ensembl.org/	2011	Oct	26
T014179_1.02	F070_1.02	TS19_1.02	M5632_1.02	MS20_1.02	ENSG00000108788	MLX	Homo_sapiens	D	bHLH	HLH	1	0.6	MLX_1	SELEX	Jolma	SELEX	Jolma	2013	23332764	January 2013	Ensembl	http://www.ensembl.org/	2011	Oct	26
T014180_1.02	F070_1.02	TS19_1.02	M5651_1.02	MS20_1.02	ENSG00000111046	MYF6	Homo_sapiens	D	bHLH	HLH	1	0.6	MYF6_1	SELEX	Jolma	SELEX	Jolma	2013	23332764	January 2013	Ensembl	http://www.ensembl.org/	2011	Oct	26
T014181_1.02	F070_1.02	TS19_1.02	M6354_1.02	MS18_1.02	ENSG00000111049	MYF5	Homo_sapiens	I	bHLH	HLH	1	0.6	MYOD1_f1	HocoMoco	HocoMoco	HocoMoco	Kulakovskiy	2013	23175603	July 2014	Ensembl	http://www.ensembl.org/	2011	Oct	26
T014182_1.02	F070_1.02	TS19_1.02	M5234_1.02	MS14_1.02	ENSG00000112246	SIM1	Homo_sapiens	I	bHLH	HLH	1	0.6	tgo_sim_SANGER_5_FBgn0004666	B1H	FlyFactorSurvey	B1H	Zhu	2011	21097781	July 2012	Ensembl	http://www.ensembl.org/	2011	Oct	26
T014183_1.02	F070_1.02	TS19_1.02	M5931_1.02	MS20_1.02	ENSG00000112561	TFEB	Homo_sapiens	D	bHLH	HLH	1	0.6	TFEB_1	SELEX	Jolma	SELEX	Jolma	2013	23332764	January 2013	Ensembl	http://www.ensembl.org/	2011	Oct	26
T014184_1.02	F070_1.02	TS19_1.02	M6268_1.02	MS18_1.02	ENSG00000113196	HAND1	Homo_sapiens	D	bHLH	HLH	1	0.6	HAND1_si	HocoMoco	HocoMoco	HocoMoco	Kulakovskiy	2013	23175603	July 2014	Ensembl	http://www.ensembl.org/	2011	Oct	26
T014185_1.02	F070_1.02	TS19_1.02	M6271_1.02	MS18_1.02	ENSG00000114315	HES1	Homo_sapiens	D	bHLH	HLH	1	0.6	HES1_f1	HocoMoco	HocoMoco	HocoMoco	Kulakovskiy	2013	23175603	July 2014	Ensembl	http://www.ensembl.org/	2011	Oct	26
T014186_1.02	F070_1.02	TS19_1.02	M0189_1.02	MS29_1.02	ENSG00000115738	ID2	Homo_sapiens	I	bHLH	HLH	1	0.6	pTH5068	PBM	Zoo_01	PBM	Weirauch	2014	25215497	NULL	Ensembl	http://www.ensembl.org/	2011	Oct	26
T014187_1.02	F070_1.02	TS19_1.02	M6212_1.02	MS18_1.02	ENSG00000116016	EPAS1	Homo_sapiens	D	bHLH	HLH	1	0.6	EPAS1_si	HocoMoco	HocoMoco	HocoMoco	Kulakovskiy	2013	23175603	July 2014	Ensembl	http://www.ensembl.org/	2011	Oct	26
T014188_1.02	F070_1.02	TS19_1.02	M1927_1.02	MS19_1.02	ENSG00000116990	MYCL	Homo_sapiens	I	bHLH	HLH	1	0.6	MA0104.3	ChIP-seq	JASPAR	JASPAR	Mathelier	2014	24194598	August 2014	Ensembl	http://www.ensembl.org/	2011	Oct	26
T014189_1.02	F070_1.02	TS19_1.02	M5571_1.02	MS20_1.02	ENSG00000117318	ID3	Homo_sapiens	I	bHLH	HLH	1	0.6	ID4_1	SELEX	Jolma	SELEX	Jolma	2013	23332764	January 2013	Ensembl	http://www.ensembl.org/	2011	Oct	26
T014190_1.02	F070_1.02	TS19_1.02	M0214_1.02	MS29_1.02	ENSG00000118526	TCF21	Homo_sapiens	I	bHLH	HLH	1	0.6	pTH5087	PBM	Zoo_01	PBM	Weirauch	2014	25215497	NULL	Ensembl	http://www.ensembl.org/	2011	Oct	26
T014191_1.02	F070_1.02	TS19_1.02	M4679_1.02	MS23_1.02	ENSG00000119950	MXI1	Homo_sapiens	D	bHLH	HLH	1	0.6	Mv94	ChIP-seq	modENCODE	ChIP-seq	Boyle	2014	25164757	September 2014	Ensembl	http://www.ensembl.org/	2011	Oct	26
T014192_1.02	F070_1.02	TS19_1.02	M0198_1.02	MS29_1.02	ENSG00000120669	SOHLH2	Homo_sapiens	I	bHLH	HLH	1	0.6	pTH5058	PBM	Zoo_01	PBM	Weirauch	2014	25215497	NULL	Ensembl	http://www.ensembl.org/	2011	Oct	26
T014193_1.02	F070_1.02	TS19_1.02	M6355_1.02	MS18_1.02	ENSG00000122180	MYOG	Homo_sapiens	D	bHLH	HLH	1	0.6	MYOG_f1	HocoMoco	HocoMoco	HocoMoco	Kulakovskiy	2013	23175603	July 2014	Ensembl	http://www.ensembl.org/	2011	Oct	26
T014194_1.02	F070_1.02	TS19_1.02	M6527_1.02	MS18_1.02	ENSG00000122691	TWIST1	Homo_sapiens	D	bHLH	HLH	1	0.6	TWST1_f1	HocoMoco	HocoMoco	HocoMoco	Kulakovskiy	2013	23175603	July 2014	Ensembl	http://www.ensembl.org/	2011	Oct	26
T014195_1.02	F070_1.02	TS19_1.02	M5653_1.02	MS20_1.02	ENSG00000122859	NEUROG3	Homo_sapiens	I	bHLH	HLH	1	0.6	NEUROG2_1	SELEX	Jolma	SELEX	Jolma	2013	23332764	January 2013	Ensembl	http://www.ensembl.org/	2011	Oct	26
T014196_1.02	F070_1.02	TS19_1.02	M5309_1.02	MS20_1.02	ENSG00000123095	BHLHE41	Homo_sapiens	D	bHLH	HLH	1	0.6	BHLHE41_1	SELEX	Jolma	SELEX	Jolma	2013	23332764	January 2013	Ensembl	http://www.ensembl.org/	2011	Oct	26
T014197_1.02	F070_1.02	TS19_1.02	M6358_1.02	MS18_1.02	ENSG00000123307	NEUROD4	Homo_sapiens	I	bHLH	HLH	1	0.6	NDF1_f1	HocoMoco	HocoMoco	HocoMoco	Kulakovskiy	2013	23175603	July 2014	Ensembl	http://www.ensembl.org/	2011	Oct	26
T014200_1.02	F070_1.02	TS19_1.02	M5308_1.02	MS20_1.02	ENSG00000125533	BHLHE23	Homo_sapiens	D	bHLH	HLH	1	0.6	BHLHE23_1	SELEX	Jolma	SELEX	Jolma	2013	23332764	January 2013	Ensembl	http://www.ensembl.org/	2011	Oct	26
T014201_1.02	F070_1.02	TS19_1.02	M4850_1.02	MS14_1.02	ENSG00000125878	TCF15	Homo_sapiens	I	bHLH	HLH	1	0.6	CG33557_da_SANGER_5_FBgn0053557	B1H	FlyFactorSurvey	B1H	Zhu	2011	21097781	July 2012	Ensembl	http://www.ensembl.org/	2011	Oct	26
T014202_1.02	F070_1.02	TS19_1.02	M0189_1.02	MS29_1.02	ENSG00000125968	ID1	Homo_sapiens	I	bHLH	HLH	1	0.6	pTH5068	PBM	Zoo_01	PBM	Weirauch	2014	25215497	NULL	Ensembl	http://www.ensembl.org/	2011	Oct	26
T014203_1.02	F070_1.02	TS19_1.02	M6354_1.02	MS18_1.02	ENSG00000129152	MYOD1	Homo_sapiens	D	bHLH	HLH	1	0.6	MYOD1_f1	HocoMoco	HocoMoco	HocoMoco	Kulakovskiy	2013	23175603	July 2014	Ensembl	http://www.ensembl.org/	2011	Oct	26
T014204_1.02	F070_1.02	TS19_1.02	M5234_1.02	MS14_1.02	ENSG00000130751	NPAS1	Homo_sapiens	I	bHLH	HLH	1	0.6	tgo_sim_SANGER_5_FBgn0004666	B1H	FlyFactorSurvey	B1H	Zhu	2011	21097781	July 2012	Ensembl	http://www.ensembl.org/	2011	Oct	26
T014205_1.02	F070_1.02	TS19_1.02	M5290_1.02	MS20_1.02	ENSG00000133794	ARNTL	Homo_sapiens	D	bHLH	HLH	1	0.6	ARNTL_1	SELEX	Jolma	SELEX	Jolma	2013	23332764	January 2013	Ensembl	http://www.ensembl.org/	2011	Oct	26
T014206_1.02	F070_1.02	TS19_1.02	M4553_1.02	MS13_1.02	ENSG00000134107	BHLHE40	Homo_sapiens	D	bHLH	HLH	1	0.6	HepG2_BHLHE40_HudsonAlpha	ChIP-seq	ENCODE	ChIP-seq	Gerstein	2012	22955619	January 2011	Ensembl	http://www.ensembl.org/	2011	Oct	26
T014207_1.02	F070_1.02	TS19_1.02	M6352_1.02	MS18_1.02	ENSG00000134323	MYCN	Homo_sapiens	D	bHLH	HLH	1	0.6	MYCN_si	HocoMoco	HocoMoco	HocoMoco	Kulakovskiy	2013	23175603	July 2014	Ensembl	http://www.ensembl.org/	2011	Oct	26
T014208_1.02	F070_1.02	TS19_1.02	M5321_1.02	MS20_1.02	ENSG00000134852	CLOCK	Homo_sapiens	D	bHLH	HLH	1	0.6	CLOCK_1	SELEX	Jolma	SELEX	Jolma	2013	23332764	January 2013	Ensembl	http://www.ensembl.org/	2011	Oct	26
T014209_1.02	F070_1.02	TS19_1.02	M5510_1.02	MS20_1.02	ENSG00000135547	HEY2	Homo_sapiens	D	bHLH	HLH	1	0.6	HEY2_1	SELEX	Jolma	SELEX	Jolma	2013	23332764	January 2013	Ensembl	http://www.ensembl.org/	2011	Oct	26
T014210_1.02	F070_1.02	TS19_1.02	M4532_1.02	MS13_1.02	ENSG00000136997	MYC	Homo_sapiens	D	bHLH	HLH	1	0.6	HeLa-S3_CMYC_Stanford	ChIP-seq	ENCODE	ChIP-seq	Gerstein	2012	22955619	January 2011	Ensembl	http://www.ensembl.org/	2011	Oct	26
T014211_1.02	F070_1.02	TS19_1.02	M5987_1.02	MS20_1.02	ENSG00000139352	ASCL1	Homo_sapiens	I	bHLH	HLH	1	0.6	Ascl2_1	SELEX	Jolma	SELEX	Jolma	2013	23332764	January 2013	Ensembl	http://www.ensembl.org/	2011	Oct	26
T014212_1.02	F070_1.02	TS19_1.02	M4479_1.02	MS13_1.02	ENSG00000140262	TCF12	Homo_sapiens	D	bHLH	HLH	1	0.6	GM12878_TCF12_HudsonAlpha	ChIP-seq	ENCODE	ChIP-seq	Gerstein	2012	22955619	January 2011	Ensembl	http://www.ensembl.org/	2011	Oct	26
T014213_1.02	F070_1.02	TS19_1.02	M6151_1.02	MS18_1.02	ENSG00000143437	ARNT	Homo_sapiens	D	bHLH	HLH	1	0.6	ARNT_f1	HocoMoco	HocoMoco	HocoMoco	Kulakovskiy	2013	23175603	July 2014	Ensembl	http://www.ensembl.org/	2011	Oct	26
T014215_1.02	F070_1.02	TS19_1.02	M4971_1.02	MS14_1.02	ENSG00000146618	FERD3L	Homo_sapiens	I	bHLH	HLH	1	0.6	Fer3_da_SANGER_5_FBgn0037937	B1H	FlyFactorSurvey	B1H	Zhu	2011	21097781	July 2012	Ensembl	http://www.ensembl.org/	2011	Oct	26
T014216_1.02	F070_1.02	TS19_1.02	M5234_1.02	MS14_1.02	ENSG00000151322	NPAS3	Homo_sapiens	I	bHLH	HLH	1	0.6	tgo_sim_SANGER_5_FBgn0004666	B1H	FlyFactorSurvey	B1H	Zhu	2011	21097781	July 2012	Ensembl	http://www.ensembl.org/	2011	Oct	26
T014218_1.02	F070_1.02	TS19_1.02	M1917_1.02	MS19_1.02	ENSG00000158773	USF1	Homo_sapiens	D	bHLH	HLH	1	0.6	MA0093.2	ChIP-seq	JASPAR	JASPAR	Mathelier	2014	24194598	August 2014	Ensembl	http://www.ensembl.org/	2011	Oct	26
T014219_1.02	F070_1.02	TS19_1.02	M5234_1.02	MS14_1.02	ENSG00000159263	SIM2	Homo_sapiens	I	bHLH	HLH	1	0.6	tgo_sim_SANGER_5_FBgn0004666	B1H	FlyFactorSurvey	B1H	Zhu	2011	21097781	July 2012	Ensembl	http://www.ensembl.org/	2011	Oct	26
T014220_1.02	F070_1.02	TS19_1.02	M6500_1.02	MS18_1.02	ENSG00000162367	TAL1	Homo_sapiens	D	bHLH	HLH	1	0.6	TAL1_f1	HocoMoco	HocoMoco	HocoMoco	Kulakovskiy	2013	23175603	July 2014	Ensembl	http://www.ensembl.org/	2011	Oct	26
T014221_1.02	F070_1.02	TS19_1.02	M6358_1.02	MS18_1.02	ENSG00000162992	NEUROD1	Homo_sapiens	D	bHLH	HLH	1	0.6	NDF1_f1	HocoMoco	HocoMoco	HocoMoco	Kulakovskiy	2013	23175603	July 2014	Ensembl	http://www.ensembl.org/	2011	Oct	26
T014222_1.02	F070_1.02	TS19_1.02	M0195_1.02	MS29_1.02	ENSG00000163792	TCF23	Homo_sapiens	I	bHLH	HLH	1	0.6	pTH5112	PBM	Zoo_01	PBM	Weirauch	2014	25215497	NULL	Ensembl	http://www.ensembl.org/	2011	Oct	26
T014223_1.02	F070_1.02	TS19_1.02	M0183_1.02	MS29_1.02	ENSG00000163909	HEYL	Homo_sapiens	I	bHLH	HLH	1	0.6	pTH5102	PBM	Zoo_01	PBM	Weirauch	2014	25215497	NULL	Ensembl	http://www.ensembl.org/	2011	Oct	26
T014224_1.02	F070_1.02	TS19_1.02	M6268_1.02	MS18_1.02	ENSG00000164107	HAND2	Homo_sapiens	I	bHLH	HLH	1	0.6	HAND1_si	HocoMoco	HocoMoco	HocoMoco	Kulakovskiy	2013	23175603	July 2014	Ensembl	http://www.ensembl.org/	2011	Oct	26
T014225_1.02	F070_1.02	TS19_1.02	M1968_1.02	MS19_1.02	ENSG00000164330	EBF1	Homo_sapiens	D	bHLH	HLH	1	0.6	MA0154.2	ChIP-seq	JASPAR	JASPAR	Mathelier	2014	24194598	August 2014	Ensembl	http://www.ensembl.org/	2011	Oct	26
T014226_1.02	F070_1.02	TS19_1.02	M6358_1.02	MS18_1.02	ENSG00000164600	NEUROD6	Homo_sapiens	I	bHLH	HLH	1	0.6	NDF1_f1	HocoMoco	HocoMoco	HocoMoco	Kulakovskiy	2013	23175603	July 2014	Ensembl	http://www.ensembl.org/	2011	Oct	26
T014227_1.02	F070_1.02	TS19_1.02	M5509_1.02	MS20_1.02	ENSG00000164683	HEY1	Homo_sapiens	D	bHLH	HLH	1	0.6	HEY1_1	SELEX	Jolma	SELEX	Jolma	2013	23332764	January 2013	Ensembl	http://www.ensembl.org/	2011	Oct	26
T014229_1.02	F070_1.02	TS19_1.02	M5627_1.02	MS20_1.02	ENSG00000166823	MESP1	Homo_sapiens	D	bHLH	HLH	1	0.6	MESP1_1	SELEX	Jolma	SELEX	Jolma	2013	23332764	January 2013	Ensembl	http://www.ensembl.org/	2011	Oct	26
T014230_1.02	F070_1.02	TS19_1.02	M6441_1.02	MS18_1.02	ENSG00000168267	PTF1A	Homo_sapiens	D	bHLH	HLH	1	0.6	PTF1A_f1	HocoMoco	HocoMoco	HocoMoco	Kulakovskiy	2013	23175603	July 2014	Ensembl	http://www.ensembl.org/	2011	Oct	26
T014231_1.02	F070_1.02	TS19_1.02	M5116_1.02	MS14_1.02	ENSG00000168874	ATOH8	Homo_sapiens	I	bHLH	HLH	1	0.6	net_da_SANGER_10_FBgn0002931	B1H	FlyFactorSurvey	B1H	Zhu	2011	21097781	July 2012	Ensembl	http://www.ensembl.org/	2011	Oct	26
T014232_1.02	F070_1.02	TS19_1.02	M0196_1.02	MS29_1.02	ENSG00000170485	NPAS2	Homo_sapiens	I	bHLH	HLH	1	0.6	pTH5457	PBM	Zoo_01	PBM	Weirauch	2014	25215497	NULL	Ensembl	http://www.ensembl.org/	2011	Oct	26
T014233_1.02	F070_1.02	TS19_1.02	M5652_1.02	MS20_1.02	ENSG00000171532	NEUROD2	Homo_sapiens	D	bHLH	HLH	1	0.6	NEUROD2_1	SELEX	Jolma	SELEX	Jolma	2013	23332764	January 2013	Ensembl	http://www.ensembl.org/	2011	Oct	26
T014234_1.02	F070_1.02	TS19_1.02	M1880_1.02	MS19_1.02	ENSG00000171786	NHLH1	Homo_sapiens	D	bHLH	HLH	1	0.6	MA0048.1	SELEX	JASPAR	JASPAR	Mathelier	2014	24194598	August 2014	Ensembl	http://www.ensembl.org/	2011	Oct	26
T014235_1.02	F070_1.02	TS19_1.02	M5571_1.02	MS20_1.02	ENSG00000172201	ID4	Homo_sapiens	D	bHLH	HLH	1	0.6	ID4_1	SELEX	Jolma	SELEX	Jolma	2013	23332764	January 2013	Ensembl	http://www.ensembl.org/	2011	Oct	26
T014236_1.02	F070_1.02	TS19_1.02	M5989_1.02	MS20_1.02	ENSG00000172238	ATOH1	Homo_sapiens	I	bHLH	HLH	1	0.6	Atoh1_1	SELEX	Jolma	SELEX	Jolma	2013	23332764	January 2013	Ensembl	http://www.ensembl.org/	2011	Oct	26
T014237_1.02	F070_1.02	TS19_1.02	M6150_1.02	MS18_1.02	ENSG00000172379	ARNT2	Homo_sapiens	D	bHLH	HLH	1	0.6	ARNT2_si	HocoMoco	HocoMoco	HocoMoco	Kulakovskiy	2013	23175603	July 2014	Ensembl	http://www.ensembl.org/	2011	Oct	26
T014239_1.02	F070_1.02	TS19_1.02	M4930_1.02	MS14_1.02	ENSG00000174576	NPAS4	Homo_sapiens	I	bHLH	HLH	1	0.6	dys_tgo_SANGER_5_FBgn0039411	B1H	FlyFactorSurvey	B1H	Zhu	2011	21097781	July 2012	Ensembl	http://www.ensembl.org/	2011	Oct	26
T014240_1.02	F070_1.02	TS19_1.02	M0211_1.02	MS29_1.02	ENSG00000175727	MLXIP	Homo_sapiens	I	bHLH	HLH	1	0.6	pTH5466	PBM	Zoo_01	PBM	Weirauch	2014	25215497	NULL	Ensembl	http://www.ensembl.org/	2011	Oct	26
T014243_1.02	F070_1.02	TS19_1.02	M5693_1.02	MS20_1.02	ENSG00000177468	OLIG3	Homo_sapiens	D	bHLH	HLH	1	0.6	OLIG3_1	SELEX	Jolma	SELEX	Jolma	2013	23332764	January 2013	Ensembl	http://www.ensembl.org/	2011	Oct	26
T014244_1.02	F070_1.02	TS19_1.02	M0216_1.02	MS12_1.02	ENSG00000177551	NHLH2	Homo_sapiens	I	bHLH	HLH	1	0.6	pTH3037	PBM	DREAM_contest	PBM	Weirauch	2013	23354101	NULL	Ensembl	http://www.ensembl.org/	2011	Oct	26
T014245_1.02	F070_1.02	TS19_1.02	M5653_1.02	MS20_1.02	ENSG00000178403	NEUROG2	Homo_sapiens	D	bHLH	HLH	1	0.6	NEUROG2_1	SELEX	Jolma	SELEX	Jolma	2013	23332764	January 2013	Ensembl	http://www.ensembl.org/	2011	Oct	26
T014246_1.02	F070_1.02	TS19_1.02	M5636_1.02	MS20_1.02	ENSG00000178860	MSC	Homo_sapiens	D	bHLH	HLH	1	0.6	MSC_1	SELEX	Jolma	SELEX	Jolma	2013	23332764	January 2013	Ensembl	http://www.ensembl.org/	2011	Oct	26
T014247_1.02	F070_1.02	TS19_1.02	M5506_1.02	MS20_1.02	ENSG00000179111	HES7	Homo_sapiens	D	bHLH	HLH	1	0.6	HES7_1	SELEX	Jolma	SELEX	Jolma	2013	23332764	January 2013	Ensembl	http://www.ensembl.org/	2011	Oct	26
T014248_1.02	F070_1.02	TS19_1.02	M0224_1.02	MS29_1.02	ENSG00000179774	ATOH7	Homo_sapiens	I	bHLH	HLH	1	0.6	pTH5074	PBM	Zoo_01	PBM	Weirauch	2014	25215497	NULL	Ensembl	http://www.ensembl.org/	2011	Oct	26
T014249_1.02	F070_1.02	TS19_1.02	M5304_1.02	MS20_1.02	ENSG00000180535	BHLHA15	Homo_sapiens	D	bHLH	HLH	1	0.6	BHLHA15_1	SELEX	Jolma	SELEX	Jolma	2013	23332764	January 2013	Ensembl	http://www.ensembl.org/	2011	Oct	26
T014250_1.02	F070_1.02	TS19_1.02	M5307_1.02	MS20_1.02	ENSG00000180828	BHLHE22	Homo_sapiens	D	bHLH	HLH	1	0.6	BHLHE22_1	SELEX	Jolma	SELEX	Jolma	2013	23332764	January 2013	Ensembl	http://www.ensembl.org/	2011	Oct	26
T014251_1.02	F070_1.02	TS19_1.02	M0217_1.02	MS29_1.02	ENSG00000181965	NEUROG1	Homo_sapiens	I	bHLH	HLH	1	0.6	pTH5270	PBM	Zoo_01	PBM	Weirauch	2014	25215497	NULL	Ensembl	http://www.ensembl.org/	2011	Oct	26
T014252_1.02	F070_1.02	TS19_1.02	M5430_1.02	MS20_1.02	ENSG00000183733	FIGLA	Homo_sapiens	D	bHLH	HLH	1	0.6	FIGLA_1	SELEX	Jolma	SELEX	Jolma	2013	23332764	January 2013	Ensembl	http://www.ensembl.org/	2011	Oct	26
T014253_1.02	F070_1.02	TS19_1.02	M0178_1.02	MS02_1.02	ENSG00000183734	ASCL2	Homo_sapiens	I	bHLH	HLH	1	0.6	Ascl2_2654	PBM	Badis09	PBM	Badis	2009	19443739	NULL	Ensembl	http://www.ensembl.org/	2011	Oct	26
T014254_1.02	F070_1.02	TS19_1.02	M5690_1.02	MS20_1.02	ENSG00000184221	OLIG1	Homo_sapiens	D	bHLH	HLH	1	0.6	OLIG1_1	SELEX	Jolma	SELEX	Jolma	2013	23332764	January 2013	Ensembl	http://www.ensembl.org/	2011	Oct	26
T014255_1.02	F070_1.02	TS19_1.02	M6500_1.02	MS18_1.02	ENSG00000186051	TAL2	Homo_sapiens	I	bHLH	HLH	1	0.6	TAL1_f1	HocoMoco	HocoMoco	HocoMoco	Kulakovskiy	2013	23175603	July 2014	Ensembl	http://www.ensembl.org/	2011	Oct	26
T014256_1.02	F070_1.02	TS19_1.02	M6345_1.02	MS18_1.02	ENSG00000187098	MITF	Homo_sapiens	D	bHLH	HLH	1	0.6	MITF_f1	HocoMoco	HocoMoco	HocoMoco	Kulakovskiy	2013	23175603	July 2014	Ensembl	http://www.ensembl.org/	2011	Oct	26
T014257_1.02	F070_1.02	TS19_1.02	M0214_1.02	MS29_1.02	ENSG00000187728	TCF24	Homo_sapiens	I	bHLH	HLH	1	0.6	pTH5087	PBM	Zoo_01	PBM	Weirauch	2014	25215497	NULL	Ensembl	http://www.ensembl.org/	2011	Oct	26
T014258_1.02	F070_1.02	TS19_1.02	M4850_1.02	MS14_1.02	ENSG00000187786	SCXB	Homo_sapiens	I	bHLH	HLH	1	0.6	CG33557_da_SANGER_5_FBgn0053557	B1H	FlyFactorSurvey	B1H	Zhu	2011	21097781	July 2012	Ensembl	http://www.ensembl.org/	2011	Oct	26
T014261_1.02	F070_1.02	TS19_1.02	M5627_1.02	MS20_1.02	ENSG00000188095	MESP2	Homo_sapiens	I	bHLH	HLH	1	0.6	MESP1_1	SELEX	Jolma	SELEX	Jolma	2013	23332764	January 2013	Ensembl	http://www.ensembl.org/	2011	Oct	26
T014262_1.02	F070_1.02	TS19_1.02	M0191_1.02	MS29_1.02	ENSG00000188290	HES4	Homo_sapiens	I	bHLH	HLH	1	0.6	pTH5059	PBM	Zoo_01	PBM	Weirauch	2014	25215497	NULL	Ensembl	http://www.ensembl.org/	2011	Oct	26
T014263_1.02	F070_1.02	TS19_1.02	M4850_1.02	MS14_1.02	ENSG00000188686	SCXA	Homo_sapiens	I	bHLH	HLH	1	0.6	CG33557_da_SANGER_5_FBgn0053557	B1H	FlyFactorSurvey	B1H	Zhu	2011	21097781	July 2012	Ensembl	http://www.ensembl.org/	2011	Oct	26
T014264_1.02	F070_1.02	TS19_1.02	M5901_1.02	MS20_1.02	ENSG00000196628	TCF4	Homo_sapiens	D	bHLH	HLH	1	0.6	TCF4_1	SELEX	Jolma	SELEX	Jolma	2013	23332764	January 2013	Ensembl	http://www.ensembl.org/	2011	Oct	26
T014265_1.02	F070_1.02	TS19_1.02	M5504_1.02	MS20_1.02	ENSG00000197921	HES5	Homo_sapiens	D	bHLH	HLH	1	0.6	HES5_1	SELEX	Jolma	SELEX	Jolma	2013	23332764	January 2013	Ensembl	http://www.ensembl.org/	2011	Oct	26
T014266_1.02	F070_1.02	TS19_1.02	M2388_1.02	MS19_1.02	ENSG00000198911	SREBF2	Homo_sapiens	D	bHLH	HLH	1	0.6	MA0596.1	ChIP-seq	JASPAR	JASPAR	Mathelier	2014	24194598	August 2014	Ensembl	http://www.ensembl.org/	2011	Oct	26
T014268_1.02	F070_1.02	TS19_1.02	M5691_1.02	MS20_1.02	ENSG00000205927	OLIG2	Homo_sapiens	D	bHLH	HLH	1	0.6	OLIG2_1	SELEX	Jolma	SELEX	Jolma	2013	23332764	January 2013	Ensembl	http://www.ensembl.org/	2011	Oct	26
T014270_1.02	F070_1.02	TS19_1.02	M0177_1.02	MS29_1.02	ENSG00000233608	TWIST2	Homo_sapiens	I	bHLH	HLH	1	0.6	pTH5033	PBM	Zoo_01	PBM	Weirauch	2014	25215497	NULL	Ensembl	http://www.ensembl.org/	2011	Oct	26
T022111_1.02	F074_1.02	TS19_1.02	M5628_1.02	MS20_1.02	ENSG00000174197	MGA	Homo_sapiens	D	bHLH,T-box	HLH,T-box	2	0.7	MGA_1	SELEX	Jolma	SELEX	Jolma	2013	23332764	January 2013	Ensembl	http://www.ensembl.org/	2011	Oct	26
T025262_1.02	F081_1.02	TS19_1.02	M6359_1.02	MS18_1.02	ENSG00000050344	NFE2L3	Homo_sapiens	I	bZIP	bZIP_1	1	0.55	NF2L1_f1	HocoMoco	HocoMoco	HocoMoco	Kulakovskiy	2013	23175603	July 2014	Ensembl	http://www.ensembl.org/	2011	Oct	26
T025263_1.02	F081_1.02	TS19_1.02	M5323_1.02	MS20_1.02	ENSG00000060566	CREB3L3	Homo_sapiens	I	bZIP	bZIP_1	1	0.55	CREB3_1	SELEX	Jolma	SELEX	Jolma	2013	23332764	January 2013	Ensembl	http://www.ensembl.org/	2011	Oct	26
T025264_1.02	F081_1.02	TS19_1.02	M2280_1.02	MS19_1.02	ENSG00000075426	FOSL2	Homo_sapiens	D	bZIP	bZIP_1	1	0.55	MA0478.1	ChIP-seq	JASPAR	JASPAR	Mathelier	2014	24194598	August 2014	Ensembl	http://www.ensembl.org/	2011	Oct	26
T025265_1.02	F081_1.02	TS19_1.02	M6359_1.02	MS18_1.02	ENSG00000082641	NFE2L1	Homo_sapiens	D	bZIP	bZIP_1	1	0.55	NF2L1_f1	HocoMoco	HocoMoco	HocoMoco	Kulakovskiy	2013	23175603	July 2014	Ensembl	http://www.ensembl.org/	2011	Oct	26
T025266_1.02	F081_1.02	TS19_1.02	M5317_1.02	MS20_1.02	ENSG00000092067	CEBPE	Homo_sapiens	D	bZIP	bZIP_1	1	0.55	CEBPE_1	SELEX	Jolma	SELEX	Jolma	2013	23332764	January 2013	Ensembl	http://www.ensembl.org/	2011	Oct	26
T025267_1.02	F081_1.02	TS19_1.02	M6181_1.02	MS18_1.02	ENSG00000095794	CREM	Homo_sapiens	D	bZIP	bZIP_1	1	0.55	CREM_f1	HocoMoco	HocoMoco	HocoMoco	Kulakovskiy	2013	23175603	July 2014	Ensembl	http://www.ensembl.org/	2011	Oct	26
T025268_1.02	F081_1.02	TS19_1.02	M5952_1.02	MS20_1.02	ENSG00000100219	XBP1	Homo_sapiens	D	bZIP	bZIP_1	1	0.55	XBP1_1	SELEX	Jolma	SELEX	Jolma	2013	23332764	January 2013	Ensembl	http://www.ensembl.org/	2011	Oct	26
T025269_1.02	F081_1.02	TS19_1.02	M5337_1.02	MS20_1.02	ENSG00000105516	DBP	Homo_sapiens	D	bZIP	bZIP_1	1	0.55	DBP_1	SELEX	Jolma	SELEX	Jolma	2013	23332764	January 2013	Ensembl	http://www.ensembl.org/	2011	Oct	26
T025270_1.02	F081_1.02	TS19_1.02	M5323_1.02	MS20_1.02	ENSG00000107175	CREB3	Homo_sapiens	D	bZIP	bZIP_1	1	0.55	CREB3_1	SELEX	Jolma	SELEX	Jolma	2013	23332764	January 2013	Ensembl	http://www.ensembl.org/	2011	Oct	26
T025272_1.02	F081_1.02	TS19_1.02	M1875_1.02	MS19_1.02	ENSG00000108924	HLF	Homo_sapiens	D	bZIP	bZIP_1	1	0.55	MA0043.1	SELEX	JASPAR	JASPAR	Mathelier	2014	24194598	August 2014	Ensembl	http://www.ensembl.org/	2011	Oct	26
T025274_1.02	F081_1.02	TS19_1.02	M2980_1.02	MS26_1.02	ENSG00000112182	BACH2	Homo_sapiens	D	bZIP	bZIP_1	1	0.55	V$BACH2_01	Transfac	Transfac	Transfac	Matys	2006	16381825	2014.2	Ensembl	http://www.ensembl.org/	2011	Oct	26
T025275_1.02	F081_1.02	TS19_1.02	M3088_1.02	MS26_1.02	ENSG00000115966	ATF2	Homo_sapiens	D	bZIP	bZIP_1	1	0.55	V$CREBP1_Q2	Transfac	Transfac	Transfac	Matys	2006	16381825	2014.2	Ensembl	http://www.ensembl.org/	2011	Oct	26
T025275_1.02	F081_1.02	TS19_1.02	M3087_1.02	MS26_1.02	ENSG00000115966	ATF2	Homo_sapiens	D	bZIP	bZIP_1	1	0.55	V$CREBP1_01	Transfac	Transfac	Transfac	Matys	2006	16381825	2014.2	Ensembl	http://www.ensembl.org/	2011	Oct	26
T025276_1.02	F081_1.02	TS19_1.02	M6360_1.02	MS18_1.02	ENSG00000116044	NFE2L2	Homo_sapiens	D	bZIP	bZIP_1	1	0.55	NF2L2_si	HocoMoco	HocoMoco	HocoMoco	Kulakovskiy	2013	23175603	July 2014	Ensembl	http://www.ensembl.org/	2011	Oct	26
T025277_1.02	F081_1.02	TS19_1.02	M6155_1.02	MS18_1.02	ENSG00000118217	ATF6	Homo_sapiens	D	bZIP	bZIP_1	1	0.55	ATF6A_si	HocoMoco	HocoMoco	HocoMoco	Kulakovskiy	2013	23175603	July 2014	Ensembl	http://www.ensembl.org/	2011	Oct	26
T025278_1.02	F081_1.02	TS19_1.02	M6180_1.02	MS18_1.02	ENSG00000118260	CREB1	Homo_sapiens	D	bZIP	bZIP_1	1	0.55	CREB1_f1	HocoMoco	HocoMoco	HocoMoco	Kulakovskiy	2013	23175603	July 2014	Ensembl	http://www.ensembl.org/	2011	Oct	26
T025280_1.02	F081_1.02	TS19_1.02	M6152_1.02	MS18_1.02	ENSG00000123268	ATF1	Homo_sapiens	D	bZIP	bZIP_1	1	0.55	ATF1_si	HocoMoco	HocoMoco	HocoMoco	Kulakovskiy	2013	23175603	July 2014	Ensembl	http://www.ensembl.org/	2011	Oct	26
T025281_1.02	F081_1.02	TS19_1.02	M4629_1.02	MS13_1.02	ENSG00000123405	NFE2	Homo_sapiens	D	bZIP	bZIP_1	1	0.55	K562_NFE2_Stanford	ChIP-seq	ENCODE	ChIP-seq	Gerstein	2012	22955619	January 2011	Ensembl	http://www.ensembl.org/	2011	Oct	26
T025282_1.02	F081_1.02	TS19_1.02	M5302_1.02	MS20_1.02	ENSG00000123685	BATF3	Homo_sapiens	D	bZIP	bZIP_1	1	0.55	BATF3_1	SELEX	Jolma	SELEX	Jolma	2013	23332764	January 2013	Ensembl	http://www.ensembl.org/	2011	Oct	26
T025283_1.02	F081_1.02	TS19_1.02	M6228_1.02	MS18_1.02	ENSG00000125740	FOSB	Homo_sapiens	D	bZIP	bZIP_1	1	0.55	FOSB_f1	HocoMoco	HocoMoco	HocoMoco	Kulakovskiy	2013	23175603	July 2014	Ensembl	http://www.ensembl.org/	2011	Oct	26
T025284_1.02	F081_1.02	TS19_1.02	M5292_1.02	MS20_1.02	ENSG00000128272	ATF4	Homo_sapiens	D	bZIP	bZIP_1	1	0.55	ATF4_1	SELEX	Jolma	SELEX	Jolma	2013	23332764	January 2013	Ensembl	http://www.ensembl.org/	2011	Oct	26
T025285_1.02	F081_1.02	TS19_1.02	M5689_1.02	MS20_1.02	ENSG00000129535	NRL	Homo_sapiens	D	bZIP	bZIP_1	1	0.55	NRL_1	SELEX	Jolma	SELEX	Jolma	2013	23332764	January 2013	Ensembl	http://www.ensembl.org/	2011	Oct	26
T025286_1.02	F081_1.02	TS19_1.02	M2292_1.02	MS19_1.02	ENSG00000130522	JUND	Homo_sapiens	D	bZIP	bZIP_1	1	0.55	MA0491.1	ChIP-seq	JASPAR	JASPAR	Mathelier	2014	24194598	August 2014	Ensembl	http://www.ensembl.org/	2011	Oct	26
T025286_1.02	F081_1.02	TS19_1.02	M2293_1.02	MS19_1.02	ENSG00000130522	JUND	Homo_sapiens	D	bZIP	bZIP_1	1	0.55	MA0492.1	ChIP-seq	JASPAR	JASPAR	Mathelier	2014	24194598	August 2014	Ensembl	http://www.ensembl.org/	2011	Oct	26
T025289_1.02	F081_1.02	TS19_1.02	M5588_1.02	MS20_1.02	ENSG00000140044	JDP2	Homo_sapiens	D	bZIP	bZIP_1	1	0.55	JDP2_2	SELEX	Jolma	SELEX	Jolma	2013	23332764	January 2013	Ensembl	http://www.ensembl.org/	2011	Oct	26
T025289_1.02	F081_1.02	TS19_1.02	M5587_1.02	MS20_1.02	ENSG00000140044	JDP2	Homo_sapiens	D	bZIP	bZIP_1	1	0.55	JDP2_1	SELEX	Jolma	SELEX	Jolma	2013	23332764	January 2013	Ensembl	http://www.ensembl.org/	2011	Oct	26
T025290_1.02	F081_1.02	TS19_1.02	M5323_1.02	MS20_1.02	ENSG00000143578	CREB3L4	Homo_sapiens	I	bZIP	bZIP_1	1	0.55	CREB3_1	SELEX	Jolma	SELEX	Jolma	2013	23332764	January 2013	Ensembl	http://www.ensembl.org/	2011	Oct	26
T025292_1.02	F081_1.02	TS19_1.02	M5998_1.02	MS20_1.02	ENSG00000146592	CREB5	Homo_sapiens	I	bZIP	bZIP_1	1	0.55	Creb5_1	SELEX	Jolma	SELEX	Jolma	2013	23332764	January 2013	Ensembl	http://www.ensembl.org/	2011	Oct	26
T025297_1.02	F081_1.02	TS19_1.02	M5318_1.02	MS20_1.02	ENSG00000153879	CEBPG	Homo_sapiens	D	bZIP	bZIP_1	1	0.55	CEBPG_1	SELEX	Jolma	SELEX	Jolma	2013	23332764	January 2013	Ensembl	http://www.ensembl.org/	2011	Oct	26
T025298_1.02	F081_1.02	TS19_1.02	M4452_1.02	MS13_1.02	ENSG00000156127	BATF	Homo_sapiens	D	bZIP	bZIP_1	1	0.55	GM12878_BATF_HudsonAlpha	ChIP-seq	ENCODE	ChIP-seq	Gerstein	2012	22955619	January 2011	Ensembl	http://www.ensembl.org/	2011	Oct	26
T025299_1.02	F081_1.02	TS19_1.02	M4681_1.02	MS23_1.02	ENSG00000156273	BACH1	Homo_sapiens	D	bZIP	bZIP_1	1	0.55	Mv46	ChIP-seq	modENCODE	ChIP-seq	Boyle	2014	25164757	September 2014	Ensembl	http://www.ensembl.org/	2011	Oct	26
T025300_1.02	F081_1.02	TS19_1.02	M5325_1.02	MS20_1.02	ENSG00000157613	CREB3L1	Homo_sapiens	D	bZIP	bZIP_1	1	0.55	CREB3L1_1	SELEX	Jolma	SELEX	Jolma	2013	23332764	January 2013	Ensembl	http://www.ensembl.org/	2011	Oct	26
T025301_1.02	F081_1.02	TS19_1.02	M4451_1.02	MS13_1.02	ENSG00000162772	ATF3	Homo_sapiens	D	bZIP	bZIP_1	1	0.55	GM12878_ATF3_HudsonAlpha	ChIP-seq	ENCODE	ChIP-seq	Gerstein	2012	22955619	January 2011	Ensembl	http://www.ensembl.org/	2011	Oct	26
T025304_1.02	F081_1.02	TS19_1.02	M1857_1.02	MS19_1.02	ENSG00000165030	NFIL3	Homo_sapiens	D	bZIP	bZIP_1	1	0.55	MA0025.1	SELEX	JASPAR	JASPAR	Mathelier	2014	24194598	August 2014	Ensembl	http://www.ensembl.org/	2011	Oct	26
T025305_1.02	F081_1.02	TS19_1.02	M5909_1.02	MS20_1.02	ENSG00000167074	TEF	Homo_sapiens	D	bZIP	bZIP_1	1	0.55	TEF_1	SELEX	Jolma	SELEX	Jolma	2013	23332764	January 2013	Ensembl	http://www.ensembl.org/	2011	Oct	26
T025308_1.02	F081_1.02	TS19_1.02	M6154_1.02	MS18_1.02	ENSG00000169136	ATF5	Homo_sapiens	D	bZIP	bZIP_1	1	0.55	ATF5_si	HocoMoco	HocoMoco	HocoMoco	Kulakovskiy	2013	23175603	July 2014	Ensembl	http://www.ensembl.org/	2011	Oct	26
T025309_1.02	F081_1.02	TS19_1.02	M2278_1.02	MS19_1.02	ENSG00000170345	FOS	Homo_sapiens	D	bZIP	bZIP_1	1	0.55	MA0476.1	ChIP-seq	JASPAR	JASPAR	Mathelier	2014	24194598	August 2014	Ensembl	http://www.ensembl.org/	2011	Oct	26
T025311_1.02	F081_1.02	TS19_1.02	M5293_1.02	MS20_1.02	ENSG00000170653	ATF7	Homo_sapiens	D	bZIP	bZIP_1	1	0.55	ATF7_1	SELEX	Jolma	SELEX	Jolma	2013	23332764	January 2013	Ensembl	http://www.ensembl.org/	2011	Oct	26
T025312_1.02	F081_1.02	TS19_1.02	M2291_1.02	MS19_1.02	ENSG00000171223	JUNB	Homo_sapiens	D	bZIP	bZIP_1	1	0.55	MA0490.1	ChIP-seq	JASPAR	JASPAR	Mathelier	2014	24194598	August 2014	Ensembl	http://www.ensembl.org/	2011	Oct	26
T025313_1.02	F081_1.02	TS19_1.02	M2268_1.02	MS19_1.02	ENSG00000172216	CEBPB	Homo_sapiens	D	bZIP	bZIP_1	1	0.55	MA0466.1	ChIP-seq	JASPAR	JASPAR	Mathelier	2014	24194598	August 2014	Ensembl	http://www.ensembl.org/	2011	Oct	26
T025314_1.02	F081_1.02	TS19_1.02	M6187_1.02	MS18_1.02	ENSG00000175197	DDIT3	Homo_sapiens	D	bZIP	bZIP_1	1	0.55	DDIT3_f1	HocoMoco	HocoMoco	HocoMoco	Kulakovskiy	2013	23175603	July 2014	Ensembl	http://www.ensembl.org/	2011	Oct	26
T025315_1.02	F081_1.02	TS19_1.02	M2279_1.02	MS19_1.02	ENSG00000175592	FOSL1	Homo_sapiens	D	bZIP	bZIP_1	1	0.55	MA0477.1	ChIP-seq	JASPAR	JASPAR	Mathelier	2014	24194598	August 2014	Ensembl	http://www.ensembl.org/	2011	Oct	26
T025316_1.02	F081_1.02	TS19_1.02	M2290_1.02	MS19_1.02	ENSG00000177606	JUN	Homo_sapiens	D	bZIP	bZIP_1	1	0.55	MA0489.1	ChIP-seq	JASPAR	JASPAR	Mathelier	2014	24194598	August 2014	Ensembl	http://www.ensembl.org/	2011	Oct	26
T025316_1.02	F081_1.02	TS19_1.02	M2289_1.02	MS19_1.02	ENSG00000177606	JUN	Homo_sapiens	D	bZIP	bZIP_1	1	0.55	MA0488.1	ChIP-seq	JASPAR	JASPAR	Mathelier	2014	24194598	August 2014	Ensembl	http://www.ensembl.org/	2011	Oct	26
T025317_1.02	F081_1.02	TS19_1.02	M6332_1.02	MS18_1.02	ENSG00000178573	MAF	Homo_sapiens	D	bZIP	bZIP_1	1	0.55	MAF_f1	HocoMoco	HocoMoco	HocoMoco	Kulakovskiy	2013	23175603	July 2014	Ensembl	http://www.ensembl.org/	2011	Oct	26
T025318_1.02	F081_1.02	TS19_1.02	M0305_1.02	MS29_1.02	ENSG00000182158	CREB3L2	Homo_sapiens	I	bZIP	bZIP_1	1	0.55	pTH5024	PBM	Zoo_01	PBM	Weirauch	2014	25215497	NULL	Ensembl	http://www.ensembl.org/	2011	Oct	26
T025319_1.02	F081_1.02	TS19_1.02	M6330_1.02	MS18_1.02	ENSG00000182759	MAFA	Homo_sapiens	D	bZIP	bZIP_1	1	0.55	MAFA_f1	HocoMoco	HocoMoco	HocoMoco	Kulakovskiy	2013	23175603	July 2014	Ensembl	http://www.ensembl.org/	2011	Oct	26
T025320_1.02	F081_1.02	TS19_1.02	M2295_1.02	MS19_1.02	ENSG00000185022	MAFF	Homo_sapiens	D	bZIP	bZIP_1	1	0.55	MA0495.1	ChIP-seq	JASPAR	JASPAR	Mathelier	2014	24194598	August 2014	Ensembl	http://www.ensembl.org/	2011	Oct	26
T025322_1.02	F081_1.02	TS19_1.02	M5608_1.02	MS20_1.02	ENSG00000197063	MAFG	Homo_sapiens	D	bZIP	bZIP_1	1	0.55	MAFG_1	SELEX	Jolma	SELEX	Jolma	2013	23332764	January 2013	Ensembl	http://www.ensembl.org/	2011	Oct	26
T025323_1.02	F081_1.02	TS19_1.02	M2296_1.02	MS19_1.02	ENSG00000198517	MAFK	Homo_sapiens	D	bZIP	bZIP_1	1	0.55	MA0496.1	ChIP-seq	JASPAR	JASPAR	Mathelier	2014	24194598	August 2014	Ensembl	http://www.ensembl.org/	2011	Oct	26
T025325_1.02	F081_1.02	TS19_1.02	M6331_1.02	MS18_1.02	ENSG00000204103	MAFB	Homo_sapiens	D	bZIP	bZIP_1	1	0.55	MAFB_f1	HocoMoco	HocoMoco	HocoMoco	Kulakovskiy	2013	23175603	July 2014	Ensembl	http://www.ensembl.org/	2011	Oct	26
T025326_1.02	F081_1.02	TS19_1.02	M2978_1.02	MS26_1.02	ENSG00000213676	ATF6B	Homo_sapiens	I	bZIP	bZIP_1	1	0.55	V$ATF6_01	Transfac	Transfac	Transfac	Matys	2006	16381825	2014.2	Ensembl	http://www.ensembl.org/	2011	Oct	26
T025327_1.02	F081_1.02	TS19_1.02	M5316_1.02	MS20_1.02	ENSG00000221869	CEBPD	Homo_sapiens	D	bZIP	bZIP_1	1	0.55	CEBPD_1	SELEX	Jolma	SELEX	Jolma	2013	23332764	January 2013	Ensembl	http://www.ensembl.org/	2011	Oct	26
T025330_1.02	F081_1.02	TS19_1.02	M1925_1.02	MS19_1.02	ENSG00000245848	CEBPA	Homo_sapiens	D	bZIP	bZIP_1	1	0.55	MA0102.3	ChIP-seq	JASPAR	JASPAR	Mathelier	2014	24194598	August 2014	Ensembl	http://www.ensembl.org/	2011	Oct	26
T031923_1.02	F103_1.02	TS19_1.02	M1926_1.02	MS19_1.02	ENSG00000148516	ZEB1	Homo_sapiens	D	C2H2 ZF,Homeodomain	zf-C2H2,Homeobox	2	0.7	MA0103.2	ChIP-seq	JASPAR	JASPAR	Mathelier	2014	24194598	August 2014	Ensembl	http://www.ensembl.org/	2011	Oct	26
T044215_1.02	F115_1.02	TS19_1.02	M6547_1.02	MS18_1.02	ENSG00000005889	ZFX	Homo_sapiens	D	C2H2 ZF	zf-C2H2	1	0.7	ZFX_f1	HocoMoco	HocoMoco	HocoMoco	Kulakovskiy	2013	23175603	July 2014	Ensembl	http://www.ensembl.org/	2011	Oct	26
T044216_1.02	F115_1.02	TS19_1.02	M2324_1.02	MS19_1.02	ENSG00000006194	ZNF263	Homo_sapiens	D	C2H2 ZF	zf-C2H2	1	0.7	MA0528.1	ChIP-seq	JASPAR	JASPAR	Mathelier	2014	24194598	August 2014	Ensembl	http://www.ensembl.org/	2011	Oct	26
T044218_1.02	F115_1.02	TS19_1.02	M6545_1.02	MS18_1.02	ENSG00000010818	HIVEP2	Homo_sapiens	D	C2H2 ZF	zf-C2H2	1	0.7	ZEP2_si	HocoMoco	HocoMoco	HocoMoco	Kulakovskiy	2013	23175603	July 2014	Ensembl	http://www.ensembl.org/	2011	Oct	26
T044222_1.02	F115_1.02	TS19_1.02	M5809_1.02	MS20_1.02	ENSG00000019549	SNAI2	Homo_sapiens	D	C2H2 ZF	zf-C2H2	1	0.7	SNAI2_1	SELEX	Jolma	SELEX	Jolma	2013	23332764	January 2013	Ensembl	http://www.ensembl.org/	2011	Oct	26
T044225_1.02	F115_1.02	TS19_1.02	M6549_1.02	MS18_1.02	ENSG00000043355	ZIC2	Homo_sapiens	D	C2H2 ZF	zf-C2H2	1	0.7	ZIC2_f1	HocoMoco	HocoMoco	HocoMoco	Kulakovskiy	2013	23175603	July 2014	Ensembl	http://www.ensembl.org/	2011	Oct	26
T044227_1.02	F115_1.02	TS19_1.02	M2307_1.02	MS19_1.02	ENSG00000057657	PRDM1	Homo_sapiens	D	C2H2 ZF	zf-C2H2	1	0.7	MA0508.1	ChIP-seq	JASPAR	JASPAR	Mathelier	2014	24194598	August 2014	Ensembl	http://www.ensembl.org/	2011	Oct	26
T044231_1.02	F115_1.02	TS19_1.02	M1915_1.02	MS19_1.02	ENSG00000065029	ZNF76	Homo_sapiens	I	C2H2 ZF	zf-C2H2	1	0.7	MA0088.1	COMPILED	JASPAR	JASPAR	Mathelier	2014	24194598	August 2014	Ensembl	http://www.ensembl.org/	2011	Oct	26
T044234_1.02	F115_1.02	TS19_1.02	M6325_1.02	MS18_1.02	ENSG00000067082	KLF6	Homo_sapiens	D	C2H2 ZF	zf-C2H2	1	0.7	KLF6_si	HocoMoco	HocoMoco	HocoMoco	Kulakovskiy	2013	23175603	July 2014	Ensembl	http://www.ensembl.org/	2011	Oct	26
T044235_1.02	F115_1.02	TS19_1.02	M1963_1.02	MS19_1.02	ENSG00000067646	ZFY	Homo_sapiens	I	C2H2 ZF	zf-C2H2	1	0.7	MA0146.2	ChIP-seq	JASPAR	JASPAR	Mathelier	2014	24194598	August 2014	Ensembl	http://www.ensembl.org/	2011	Oct	26
T044237_1.02	F115_1.02	TS19_1.02	M5489_1.02	MS20_1.02	ENSG00000074047	GLI2	Homo_sapiens	D	C2H2 ZF	zf-C2H2	1	0.7	GLI2_2	SELEX	Jolma	SELEX	Jolma	2013	23332764	January 2013	Ensembl	http://www.ensembl.org/	2011	Oct	26
T044249_1.02	F115_1.02	TS19_1.02	M1956_1.02	MS19_1.02	ENSG00000084093	REST	Homo_sapiens	D	C2H2 ZF	zf-C2H2	1	0.7	MA0138.2	ChIP-seq	JASPAR	JASPAR	Mathelier	2014	24194598	August 2014	Ensembl	http://www.ensembl.org/	2011	Oct	26
T044251_1.02	F115_1.02	TS19_1.02	M6225_1.02	MS18_1.02	ENSG00000085276	MECOM	Homo_sapiens	D	C2H2 ZF	zf-C2H2	1	0.7	EVI1_f1	HocoMoco	HocoMoco	HocoMoco	Kulakovskiy	2013	23175603	July 2014	Ensembl	http://www.ensembl.org/	2011	Oct	26
T044257_1.02	F115_1.02	TS19_1.02	M6544_1.02	MS18_1.02	ENSG00000095951	HIVEP1	Homo_sapiens	D	C2H2 ZF	zf-C2H2	1	0.7	ZEP1_f1	HocoMoco	HocoMoco	HocoMoco	Kulakovskiy	2013	23175603	July 2014	Ensembl	http://www.ensembl.org/	2011	Oct	26
T044259_1.02	F115_1.02	TS19_1.02	M1888_1.02	MS19_1.02	ENSG00000099326	MZF1	Homo_sapiens	D	C2H2 ZF	zf-C2H2	1	0.7	MA0057.1	SELEX	JASPAR	JASPAR	Mathelier	2014	24194598	August 2014	Ensembl	http://www.ensembl.org/	2011	Oct	26
T044259_1.02	F115_1.02	TS19_1.02	M1887_1.02	MS19_1.02	ENSG00000099326	MZF1	Homo_sapiens	D	C2H2 ZF	zf-C2H2	1	0.7	MA0056.1	SELEX	JASPAR	JASPAR	Mathelier	2014	24194598	August 2014	Ensembl	http://www.ensembl.org/	2011	Oct	26
T044260_1.02	F115_1.02	TS19_1.02	M3546_1.02	MS26_1.02	ENSG00000100105	PATZ1	Homo_sapiens	D	C2H2 ZF	zf-C2H2	1	0.7	V$MAZR_01	Transfac	Transfac	Transfac	Matys	2006	16381825	2014.2	Ensembl	http://www.ensembl.org/	2011	Oct	26
T044261_1.02	F115_1.02	TS19_1.02	M1919_1.02	MS19_1.02	ENSG00000100811	YY1	Homo_sapiens	D	C2H2 ZF	zf-C2H2	1	0.7	MA0095.2	ChIP-seq	JASPAR	JASPAR	Mathelier	2014	24194598	August 2014	Ensembl	http://www.ensembl.org/	2011	Oct	26
T044264_1.02	F115_1.02	TS19_1.02	M6326_1.02	MS18_1.02	ENSG00000102349	KLF8	Homo_sapiens	D	C2H2 ZF	zf-C2H2	1	0.7	KLF8_f1	HocoMoco	HocoMoco	HocoMoco	Kulakovskiy	2013	23175603	July 2014	Ensembl	http://www.ensembl.org/	2011	Oct	26
T044265_1.02	F115_1.02	TS19_1.02	M2391_1.02	MS19_1.02	ENSG00000102554	KLF5	Homo_sapiens	D	C2H2 ZF	zf-C2H2	1	0.7	MA0599.1	ChIP-seq	JASPAR	JASPAR	Mathelier	2014	24194598	August 2014	Ensembl	http://www.ensembl.org/	2011	Oct	26
T044267_1.02	F115_1.02	TS19_1.02	M6558_1.02	MS18_1.02	ENSG00000102935	ZNF423	Homo_sapiens	D	C2H2 ZF	zf-C2H2	1	0.7	ZN423_f1	HocoMoco	HocoMoco	HocoMoco	Kulakovskiy	2013	23175603	July 2014	Ensembl	http://www.ensembl.org/	2011	Oct	26
T044268_1.02	F115_1.02	TS19_1.02	M1957_1.02	MS19_1.02	ENSG00000102974	CTCF	Homo_sapiens	D	C2H2 ZF	zf-C2H2	1	0.7	MA0139.1	ChIP-seq	JASPAR	JASPAR	Mathelier	2014	24194598	August 2014	Ensembl	http://www.ensembl.org/	2011	Oct	26
T044273_1.02	F115_1.02	TS19_1.02	M6336_1.02	MS18_1.02	ENSG00000103495	MAZ	Homo_sapiens	D	C2H2 ZF	zf-C2H2	1	0.7	MAZ_f1	HocoMoco	HocoMoco	HocoMoco	Kulakovskiy	2013	23175603	July 2014	Ensembl	http://www.ensembl.org/	2011	Oct	26
T044277_1.02	F115_1.02	TS19_1.02	M6322_1.02	MS18_1.02	ENSG00000105610	KLF1	Homo_sapiens	D	C2H2 ZF	zf-C2H2	1	0.7	KLF1_f1	HocoMoco	HocoMoco	HocoMoco	Kulakovskiy	2013	23175603	July 2014	Ensembl	http://www.ensembl.org/	2011	Oct	26
T044281_1.02	F115_1.02	TS19_1.02	M5855_1.02	MS20_1.02	ENSG00000105866	SP4	Homo_sapiens	D	C2H2 ZF	zf-C2H2	1	0.7	SP4_1	SELEX	Jolma	SELEX	Jolma	2013	23332764	January 2013	Ensembl	http://www.ensembl.org/	2011	Oct	26
T044282_1.02	F115_1.02	TS19_1.02	M0408_1.02	MS12_1.02	ENSG00000106261	ZKSCAN1	Homo_sapiens	I	C2H2 ZF	zf-C2H2	1	0.7	pTH2280	PBM	DREAM_contest	PBM	Weirauch	2013	23354101	NULL	Ensembl	http://www.ensembl.org/	2011	Oct	26
T044283_1.02	F115_1.02	TS19_1.02	M6266_1.02	MS18_1.02	ENSG00000106571	GLI3	Homo_sapiens	D	C2H2 ZF	zf-C2H2	1	0.7	GLI3_si	HocoMoco	HocoMoco	HocoMoco	Kulakovskiy	2013	23175603	July 2014	Ensembl	http://www.ensembl.org/	2011	Oct	26
T044284_1.02	F115_1.02	TS19_1.02	M5492_1.02	MS20_1.02	ENSG00000107249	GLIS3	Homo_sapiens	D	C2H2 ZF	zf-C2H2	1	0.7	GLIS3_1	SELEX	Jolma	SELEX	Jolma	2013	23332764	January 2013	Ensembl	http://www.ensembl.org/	2011	Oct	26
T044285_1.02	F115_1.02	TS19_1.02	M6323_1.02	MS18_1.02	ENSG00000109787	KLF3	Homo_sapiens	D	C2H2 ZF	zf-C2H2	1	0.7	KLF3_f1	HocoMoco	HocoMoco	HocoMoco	Kulakovskiy	2013	23175603	July 2014	Ensembl	http://www.ensembl.org/	2011	Oct	26
T044287_1.02	F115_1.02	TS19_1.02	M5750_1.02	MS20_1.02	ENSG00000110851	PRDM4	Homo_sapiens	D	C2H2 ZF	zf-C2H2	1	0.7	PRDM4_1	SELEX	Jolma	SELEX	Jolma	2013	23332764	January 2013	Ensembl	http://www.ensembl.org/	2011	Oct	26
T044288_1.02	F115_1.02	TS19_1.02	M6264_1.02	MS18_1.02	ENSG00000111087	GLI1	Homo_sapiens	D	C2H2 ZF	zf-C2H2	1	0.7	GLI1_f1	HocoMoco	HocoMoco	HocoMoco	Kulakovskiy	2013	23175603	July 2014	Ensembl	http://www.ensembl.org/	2011	Oct	26
T044291_1.02	F115_1.02	TS19_1.02	M6159_1.02	MS18_1.02	ENSG00000113916	BCL6	Homo_sapiens	D	C2H2 ZF	zf-C2H2	1	0.7	BCL6_f1	HocoMoco	HocoMoco	HocoMoco	Kulakovskiy	2013	23175603	July 2014	Ensembl	http://www.ensembl.org/	2011	Oct	26
T044292_1.02	F115_1.02	TS19_1.02	M6111_1.02	MS20_1.02	ENSG00000114853	ZBTB47	Homo_sapiens	I	C2H2 ZF	zf-C2H2	1	0.7	Zfp652_1	SELEX	Jolma	SELEX	Jolma	2013	23332764	January 2013	Ensembl	http://www.ensembl.org/	2011	Oct	26
T044298_1.02	F115_1.02	TS19_1.02	M0405_1.02	MS02_1.02	ENSG00000118263	KLF7	Homo_sapiens	I	C2H2 ZF	zf-C2H2	1	0.7	Klf7_0974	PBM	Badis09	PBM	Badis	2009	19443739	NULL	Ensembl	http://www.ensembl.org/	2011	Oct	26
T044299_1.02	F115_1.02	TS19_1.02	M6422_1.02	MS18_1.02	ENSG00000118495	PLAGL1	Homo_sapiens	D	C2H2 ZF	zf-C2H2	1	0.7	PLAL1_si	HocoMoco	HocoMoco	HocoMoco	Kulakovskiy	2013	23175603	July 2014	Ensembl	http://www.ensembl.org/	2011	Oct	26
T044301_1.02	F115_1.02	TS19_1.02	M2942_1.02	MS26_1.02	ENSG00000118922	KLF12	Homo_sapiens	D	C2H2 ZF	zf-C2H2	1	0.7	V$AP2REP_01	Transfac	Transfac	Transfac	Matys	2006	16381825	2014.2	Ensembl	http://www.ensembl.org/	2011	Oct	26
T044302_1.02	F115_1.02	TS19_1.02	M0415_1.02	MS12_1.02	ENSG00000119138	KLF9	Homo_sapiens	I	C2H2 ZF	zf-C2H2	1	0.7	pTH2353	PBM	DREAM_contest	PBM	Weirauch	2013	23354101	NULL	Ensembl	http://www.ensembl.org/	2011	Oct	26
T044304_1.02	F115_1.02	TS19_1.02	M5972_1.02	MS20_1.02	ENSG00000119725	ZNF410	Homo_sapiens	D	C2H2 ZF	zf-C2H2	1	0.7	ZNF410_1	SELEX	Jolma	SELEX	Jolma	2013	23332764	January 2013	Ensembl	http://www.ensembl.org/	2011	Oct	26
T044305_1.02	F115_1.02	TS19_1.02	M4453_1.02	MS13_1.02	ENSG00000119866	BCL11A	Homo_sapiens	D	C2H2 ZF	zf-C2H2	1	0.7	GM12878_BCL11A_HudsonAlpha	ChIP-seq	ENCODE	ChIP-seq	Gerstein	2012	22955619	January 2011	Ensembl	http://www.ensembl.org/	2011	Oct	26
T044306_1.02	F115_1.02	TS19_1.02	M1971_1.02	MS19_1.02	ENSG00000120738	EGR1	Homo_sapiens	D	C2H2 ZF	zf-C2H2	1	0.7	MA0162.2	ChIP-seq	JASPAR	JASPAR	Mathelier	2014	24194598	August 2014	Ensembl	http://www.ensembl.org/	2011	Oct	26
T044316_1.02	F115_1.02	TS19_1.02	M5367_1.02	MS20_1.02	ENSG00000122877	EGR2	Homo_sapiens	D	C2H2 ZF	zf-C2H2	1	0.7	EGR2_1	SELEX	Jolma	SELEX	Jolma	2013	23332764	January 2013	Ensembl	http://www.ensembl.org/	2011	Oct	26
T044317_1.02	F115_1.02	TS19_1.02	M3450_1.02	MS26_1.02	ENSG00000123411	IKZF4	Homo_sapiens	I	C2H2 ZF	zf-C2H2	1	0.7	V$IK1_01	Transfac	Transfac	Transfac	Matys	2006	16381825	2014.2	Ensembl	http://www.ensembl.org/	2011	Oct	26
T044318_1.02	F115_1.02	TS19_1.02	M4612_1.02	MS13_1.02	ENSG00000124092	CTCFL	Homo_sapiens	D	C2H2 ZF	zf-C2H2	1	0.7	K562_CTCFL_HudsonAlpha	ChIP-seq	ENCODE	ChIP-seq	Gerstein	2012	22955619	January 2011	Ensembl	http://www.ensembl.org/	2011	Oct	26
T044320_1.02	F115_1.02	TS19_1.02	M6468_1.02	MS18_1.02	ENSG00000124216	SNAI1	Homo_sapiens	D	C2H2 ZF	zf-C2H2	1	0.7	SNAI1_f1	HocoMoco	HocoMoco	HocoMoco	Kulakovskiy	2013	23175603	July 2014	Ensembl	http://www.ensembl.org/	2011	Oct	26
T044324_1.02	F115_1.02	TS19_1.02	M1901_1.02	MS19_1.02	ENSG00000124782	RREB1	Homo_sapiens	D	C2H2 ZF	zf-C2H2	1	0.7	MA0073.1	SELEX	JASPAR	JASPAR	Mathelier	2014	24194598	August 2014	Ensembl	http://www.ensembl.org/	2011	Oct	26
T044331_1.02	F115_1.02	TS19_1.02	M5491_1.02	MS20_1.02	ENSG00000126603	GLIS2	Homo_sapiens	D	C2H2 ZF	zf-C2H2	1	0.7	GLIS2_1	SELEX	Jolma	SELEX	Jolma	2013	23332764	January 2013	Ensembl	http://www.ensembl.org/	2011	Oct	26
T044332_1.02	F115_1.02	TS19_1.02	M6557_1.02	MS18_1.02	ENSG00000126746	ZNF384	Homo_sapiens	D	C2H2 ZF	zf-C2H2	1	0.7	ZN384_f1	HocoMoco	HocoMoco	HocoMoco	Kulakovskiy	2013	23175603	July 2014	Ensembl	http://www.ensembl.org/	2011	Oct	26
T044333_1.02	F115_1.02	TS19_1.02	M0413_1.02	MS12_1.02	ENSG00000126804	ZBTB1	Homo_sapiens	I	C2H2 ZF	zf-C2H2	1	0.7	pTH2366	PBM	DREAM_contest	PBM	Weirauch	2013	23354101	NULL	Ensembl	http://www.ensembl.org/	2011	Oct	26
T044335_1.02	F115_1.02	TS19_1.02	M6545_1.02	MS18_1.02	ENSG00000127124	HIVEP3	Homo_sapiens	I	C2H2 ZF	zf-C2H2	1	0.7	ZEP2_si	HocoMoco	HocoMoco	HocoMoco	Kulakovskiy	2013	23175603	July 2014	Ensembl	http://www.ensembl.org/	2011	Oct	26
T044336_1.02	F115_1.02	TS19_1.02	M4453_1.02	MS13_1.02	ENSG00000127152	BCL11B	Homo_sapiens	I	C2H2 ZF	zf-C2H2	1	0.7	GM12878_BCL11A_HudsonAlpha	ChIP-seq	ENCODE	ChIP-seq	Gerstein	2012	22955619	January 2011	Ensembl	http://www.ensembl.org/	2011	Oct	26
T044337_1.02	F115_1.02	TS19_1.02	M1871_1.02	MS19_1.02	ENSG00000127528	KLF2	Homo_sapiens	I	C2H2 ZF	zf-C2H2	1	0.7	MA0039.2	ChIP-seq	JASPAR	JASPAR	Mathelier	2014	24194598	August 2014	Ensembl	http://www.ensembl.org/	2011	Oct	26
T044340_1.02	F115_1.02	TS19_1.02	M4840_1.02	MS14_1.02	ENSG00000128610	FEZF1	Homo_sapiens	I	C2H2 ZF	zf-C2H2	1	0.7	CG31670_SANGER_5_FBgn0031375	B1H	FlyFactorSurvey	B1H	Zhu	2011	21097781	July 2012	Ensembl	http://www.ensembl.org/	2011	Oct	26
T044341_1.02	F115_1.02	TS19_1.02	M5593_1.02	MS20_1.02	ENSG00000129911	KLF16	Homo_sapiens	D	C2H2 ZF	zf-C2H2	1	0.7	KLF16_1	SELEX	Jolma	SELEX	Jolma	2013	23332764	January 2013	Ensembl	http://www.ensembl.org/	2011	Oct	26
T044342_1.02	F115_1.02	TS19_1.02	M0398_1.02	MS12_1.02	ENSG00000130182	ZSCAN10	Homo_sapiens	I	C2H2 ZF	zf-C2H2	1	0.7	pTH1292	PBM	DREAM_contest	PBM	Weirauch	2013	23354101	NULL	Ensembl	http://www.ensembl.org/	2011	Oct	26
T044360_1.02	F115_1.02	TS19_1.02	M5370_1.02	MS20_1.02	ENSG00000135625	EGR4	Homo_sapiens	D	C2H2 ZF	zf-C2H2	1	0.7	EGR4_1	SELEX	Jolma	SELEX	Jolma	2013	23332764	January 2013	Ensembl	http://www.ensembl.org/	2011	Oct	26
T044363_1.02	F115_1.02	TS19_1.02	M6324_1.02	MS18_1.02	ENSG00000136826	KLF4	Homo_sapiens	D	C2H2 ZF	zf-C2H2	1	0.7	KLF4_f2	HocoMoco	HocoMoco	HocoMoco	Kulakovskiy	2013	23175603	July 2014	Ensembl	http://www.ensembl.org/	2011	Oct	26
T044371_1.02	F115_1.02	TS19_1.02	M5977_1.02	MS20_1.02	ENSG00000139651	ZNF740	Homo_sapiens	D	C2H2 ZF	zf-C2H2	1	0.7	ZNF740_1	SELEX	Jolma	SELEX	Jolma	2013	23332764	January 2013	Ensembl	http://www.ensembl.org/	2011	Oct	26
T044372_1.02	F115_1.02	TS19_1.02	M0422_1.02	MS12_1.02	ENSG00000139800	ZIC5	Homo_sapiens	I	C2H2 ZF	zf-C2H2	1	0.7	pTH2818	PBM	DREAM_contest	PBM	Weirauch	2013	23354101	NULL	Ensembl	http://www.ensembl.org/	2011	Oct	26
T044382_1.02	F115_1.02	TS19_1.02	M1861_1.02	MS19_1.02	ENSG00000142611	PRDM16	Homo_sapiens	I	C2H2 ZF	zf-C2H2	1	0.7	MA0029.1	SELEX	JASPAR	JASPAR	Mathelier	2014	24194598	August 2014	Ensembl	http://www.ensembl.org/	2011	Oct	26
T044385_1.02	F115_1.02	TS19_1.02	M0431_1.02	MS02_1.02	ENSG00000143867	OSR1	Homo_sapiens	I	C2H2 ZF	zf-C2H2	1	0.7	Osr1_3033	PBM	Badis09	PBM	Badis	2009	19443739	NULL	Ensembl	http://www.ensembl.org/	2011	Oct	26
T044411_1.02	F115_1.02	TS19_1.02	M5963_1.02	MS20_1.02	ENSG00000152977	ZIC1	Homo_sapiens	D	C2H2 ZF	zf-C2H2	1	0.7	ZIC1_1	SELEX	Jolma	SELEX	Jolma	2013	23332764	January 2013	Ensembl	http://www.ensembl.org/	2011	Oct	26
T044412_1.02	F115_1.02	TS19_1.02	M4840_1.02	MS14_1.02	ENSG00000153266	FEZF2	Homo_sapiens	I	C2H2 ZF	zf-C2H2	1	0.7	CG31670_SANGER_5_FBgn0031375	B1H	FlyFactorSurvey	B1H	Zhu	2011	21097781	July 2012	Ensembl	http://www.ensembl.org/	2011	Oct	26
T044417_1.02	F115_1.02	TS19_1.02	M5591_1.02	MS20_1.02	ENSG00000155090	KLF10	Homo_sapiens	I	C2H2 ZF	zf-C2H2	1	0.7	KLF13_1	SELEX	Jolma	SELEX	Jolma	2013	23332764	January 2013	Ensembl	http://www.ensembl.org/	2011	Oct	26
T044419_1.02	F115_1.02	TS19_1.02	M5964_1.02	MS20_1.02	ENSG00000156925	ZIC3	Homo_sapiens	D	C2H2 ZF	zf-C2H2	1	0.7	ZIC3_1	SELEX	Jolma	SELEX	Jolma	2013	23332764	January 2013	Ensembl	http://www.ensembl.org/	2011	Oct	26
T044436_1.02	F115_1.02	TS19_1.02	M5961_1.02	MS20_1.02	ENSG00000160685	ZBTB7B	Homo_sapiens	D	C2H2 ZF	zf-C2H2	1	0.7	ZBTB7B_1	SELEX	Jolma	SELEX	Jolma	2013	23332764	January 2013	Ensembl	http://www.ensembl.org/	2011	Oct	26
T044438_1.02	F115_1.02	TS19_1.02	M6555_1.02	MS18_1.02	ENSG00000160961	ZNF333	Homo_sapiens	D	C2H2 ZF	zf-C2H2	1	0.7	ZN333_f1	HocoMoco	HocoMoco	HocoMoco	Kulakovskiy	2013	23175603	July 2014	Ensembl	http://www.ensembl.org/	2011	Oct	26
T044443_1.02	F115_1.02	TS19_1.02	M5303_1.02	MS20_1.02	ENSG00000161940	BCL6B	Homo_sapiens	D	C2H2 ZF	zf-C2H2	1	0.7	BCL6B_1	SELEX	Jolma	SELEX	Jolma	2013	23332764	January 2013	Ensembl	http://www.ensembl.org/	2011	Oct	26
T044444_1.02	F115_1.02	TS19_1.02	M5979_1.02	MS20_1.02	ENSG00000162086	ZNF75A	Homo_sapiens	D	C2H2 ZF	zf-C2H2	1	0.7	ZNF75A_1	SELEX	Jolma	SELEX	Jolma	2013	23332764	January 2013	Ensembl	http://www.ensembl.org/	2011	Oct	26
T044445_1.02	F115_1.02	TS19_1.02	M6263_1.02	MS18_1.02	ENSG00000162676	GFI1	Homo_sapiens	D	C2H2 ZF	zf-C2H2	1	0.7	GFI1_f1	HocoMoco	HocoMoco	HocoMoco	Kulakovskiy	2013	23175603	July 2014	Ensembl	http://www.ensembl.org/	2011	Oct	26
T044446_1.02	F115_1.02	TS19_1.02	M0420_1.02	MS02_1.02	ENSG00000162702	ZNF281	Homo_sapiens	I	C2H2 ZF	zf-C2H2	1	0.7	Zfp281_0973	PBM	Badis09	PBM	Badis	2009	19443739	NULL	Ensembl	http://www.ensembl.org/	2011	Oct	26
T044450_1.02	F115_1.02	TS19_1.02	M6552_1.02	MS18_1.02	ENSG00000163848	ZNF148	Homo_sapiens	D	C2H2 ZF	zf-C2H2	1	0.7	ZN148_si	HocoMoco	HocoMoco	HocoMoco	Kulakovskiy	2013	23175603	July 2014	Ensembl	http://www.ensembl.org/	2011	Oct	26
T044451_1.02	F115_1.02	TS19_1.02	M6321_1.02	MS18_1.02	ENSG00000163884	KLF15	Homo_sapiens	D	C2H2 ZF	zf-C2H2	1	0.7	KLF15_f1	HocoMoco	HocoMoco	HocoMoco	Kulakovskiy	2013	23175603	July 2014	Ensembl	http://www.ensembl.org/	2011	Oct	26
T044452_1.02	F115_1.02	TS19_1.02	M0428_1.02	MS02_1.02	ENSG00000164011	ZNF691	Homo_sapiens	I	C2H2 ZF	zf-C2H2	1	0.7	Zfp691_0895	PBM	Badis09	PBM	Badis	2009	19443739	NULL	Ensembl	http://www.ensembl.org/	2011	Oct	26
T044453_1.02	F115_1.02	TS19_1.02	M6559_1.02	MS18_1.02	ENSG00000164048	ZNF589	Homo_sapiens	D	C2H2 ZF	zf-C2H2	1	0.7	ZN589_f1	HocoMoco	HocoMoco	HocoMoco	Kulakovskiy	2013	23175603	July 2014	Ensembl	http://www.ensembl.org/	2011	Oct	26
T044456_1.02	F115_1.02	TS19_1.02	M5856_1.02	MS20_1.02	ENSG00000164651	SP8	Homo_sapiens	D	C2H2 ZF	zf-C2H2	1	0.7	SP8_1	SELEX	Jolma	SELEX	Jolma	2013	23332764	January 2013	Ensembl	http://www.ensembl.org/	2011	Oct	26
T044457_1.02	F115_1.02	TS19_1.02	M0396_1.02	MS02_1.02	ENSG00000164920	OSR2	Homo_sapiens	I	C2H2 ZF	zf-C2H2	1	0.7	Osr2_1727	PBM	Badis09	PBM	Badis	2009	19443739	NULL	Ensembl	http://www.ensembl.org/	2011	Oct	26
T044462_1.02	F115_1.02	TS19_1.02	M6262_1.02	MS18_1.02	ENSG00000165702	GFI1B	Homo_sapiens	D	C2H2 ZF	zf-C2H2	1	0.7	GFI1B_f1	HocoMoco	HocoMoco	HocoMoco	Kulakovskiy	2013	23175603	July 2014	Ensembl	http://www.ensembl.org/	2011	Oct	26
T044463_1.02	F115_1.02	TS19_1.02	M6553_1.02	MS18_1.02	ENSG00000165804	ZNF219	Homo_sapiens	D	C2H2 ZF	zf-C2H2	1	0.7	ZN219_f1	HocoMoco	HocoMoco	HocoMoco	Kulakovskiy	2013	23175603	July 2014	Ensembl	http://www.ensembl.org/	2011	Oct	26
T044466_1.02	F115_1.02	TS19_1.02	M0404_1.02	MS12_1.02	ENSG00000166261	ZNF202	Homo_sapiens	I	C2H2 ZF	zf-C2H2	1	0.7	pTH3075	PBM	DREAM_contest	PBM	Weirauch	2013	23354101	NULL	Ensembl	http://www.ensembl.org/	2011	Oct	26
T044468_1.02	F115_1.02	TS19_1.02	M4484_1.02	MS13_1.02	ENSG00000166478	ZNF143	Homo_sapiens	D	C2H2 ZF	zf-C2H2	1	0.7	GM12878_ZNF143_Stanford	ChIP-seq	ENCODE	ChIP-seq	Gerstein	2012	22955619	January 2011	Ensembl	http://www.ensembl.org/	2011	Oct	26
T044474_1.02	F115_1.02	TS19_1.02	M2314_1.02	MS19_1.02	ENSG00000167182	SP2	Homo_sapiens	D	C2H2 ZF	zf-C2H2	1	0.7	MA0516.1	ChIP-seq	JASPAR	JASPAR	Mathelier	2014	24194598	August 2014	Ensembl	http://www.ensembl.org/	2011	Oct	26
T044492_1.02	F115_1.02	TS19_1.02	M5967_1.02	MS20_1.02	ENSG00000167840	ZNF232	Homo_sapiens	D	C2H2 ZF	zf-C2H2	1	0.7	ZNF232_1	SELEX	Jolma	SELEX	Jolma	2013	23332764	January 2013	Ensembl	http://www.ensembl.org/	2011	Oct	26
T044493_1.02	F115_1.02	TS19_1.02	M6197_1.02	MS18_1.02	ENSG00000167967	E4F1	Homo_sapiens	D	C2H2 ZF	zf-C2H2	1	0.7	E4F1_f1	HocoMoco	HocoMoco	HocoMoco	Kulakovskiy	2013	23175603	July 2014	Ensembl	http://www.ensembl.org/	2011	Oct	26
T044499_1.02	F115_1.02	TS19_1.02	M5959_1.02	MS20_1.02	ENSG00000168826	ZBTB49	Homo_sapiens	D	C2H2 ZF	zf-C2H2	1	0.7	ZBTB49_1	SELEX	Jolma	SELEX	Jolma	2013	23332764	January 2013	Ensembl	http://www.ensembl.org/	2011	Oct	26
T044503_1.02	F115_1.02	TS19_1.02	M5512_1.02	MS20_1.02	ENSG00000169635	HIC2	Homo_sapiens	D	C2H2 ZF	zf-C2H2	1	0.7	HIC2_1	SELEX	Jolma	SELEX	Jolma	2013	23332764	January 2013	Ensembl	http://www.ensembl.org/	2011	Oct	26
T044504_1.02	F115_1.02	TS19_1.02	M0437_1.02	MS12_1.02	ENSG00000169740	ZNF32	Homo_sapiens	I	C2H2 ZF	zf-C2H2	1	0.7	pTH3120	PBM	DREAM_contest	PBM	Weirauch	2013	23354101	NULL	Ensembl	http://www.ensembl.org/	2011	Oct	26
T044505_1.02	F115_1.02	TS19_1.02	M5591_1.02	MS20_1.02	ENSG00000169926	KLF13	Homo_sapiens	D	C2H2 ZF	zf-C2H2	1	0.7	KLF13_1	SELEX	Jolma	SELEX	Jolma	2013	23332764	January 2013	Ensembl	http://www.ensembl.org/	2011	Oct	26
T044509_1.02	F115_1.02	TS19_1.02	M0436_1.02	MS02_1.02	ENSG00000169981	ZNF35	Homo_sapiens	I	C2H2 ZF	zf-C2H2	1	0.7	Zfp105_2634	PBM	Badis09	PBM	Badis	2009	19443739	NULL	Ensembl	http://www.ensembl.org/	2011	Oct	26
T044512_1.02	F115_1.02	TS19_1.02	M5970_1.02	MS20_1.02	ENSG00000170265	ZNF282	Homo_sapiens	D	C2H2 ZF	zf-C2H2	1	0.7	ZNF282_1	SELEX	Jolma	SELEX	Jolma	2013	23332764	January 2013	Ensembl	http://www.ensembl.org/	2011	Oct	26
T044514_1.02	F115_1.02	TS19_1.02	M5856_1.02	MS20_1.02	ENSG00000170374	SP7	Homo_sapiens	I	C2H2 ZF	zf-C2H2	1	0.7	SP8_1	SELEX	Jolma	SELEX	Jolma	2013	23332764	January 2013	Ensembl	http://www.ensembl.org/	2011	Oct	26
T044515_1.02	F115_1.02	TS19_1.02	M5804_1.02	MS20_1.02	ENSG00000170616	SCRT1	Homo_sapiens	D	C2H2 ZF	zf-C2H2	1	0.7	SCRT1_1	SELEX	Jolma	SELEX	Jolma	2013	23332764	January 2013	Ensembl	http://www.ensembl.org/	2011	Oct	26
T044525_1.02	F115_1.02	TS19_1.02	M5974_1.02	MS20_1.02	ENSG00000171443	ZNF524	Homo_sapiens	D	C2H2 ZF	zf-C2H2	1	0.7	ZNF524_1	SELEX	Jolma	SELEX	Jolma	2013	23332764	January 2013	Ensembl	http://www.ensembl.org/	2011	Oct	26
T044530_1.02	F115_1.02	TS19_1.02	M4551_1.02	MS13_1.02	ENSG00000171606	ZNF274	Homo_sapiens	D	C2H2 ZF	zf-C2H2	1	0.7	HeLa-S3_ZNF274_UCD	ChIP-seq	ENCODE	ChIP-seq	Gerstein	2012	22955619	January 2011	Ensembl	http://www.ensembl.org/	2011	Oct	26
T044539_1.02	F115_1.02	TS19_1.02	M5591_1.02	MS20_1.02	ENSG00000172059	KLF11	Homo_sapiens	I	C2H2 ZF	zf-C2H2	1	0.7	KLF13_1	SELEX	Jolma	SELEX	Jolma	2013	23332764	January 2013	Ensembl	http://www.ensembl.org/	2011	Oct	26
T044541_1.02	F115_1.02	TS19_1.02	M1951_1.02	MS19_1.02	ENSG00000172273	HINFP	Homo_sapiens	D	C2H2 ZF	zf-C2H2	1	0.7	MA0131.1	SELEX	JASPAR	JASPAR	Mathelier	2014	24194598	August 2014	Ensembl	http://www.ensembl.org/	2011	Oct	26
T044544_1.02	F115_1.02	TS19_1.02	M6402_1.02	MS18_1.02	ENSG00000172818	OVOL1	Homo_sapiens	D	C2H2 ZF	zf-C2H2	1	0.7	OVOL1_f1	HocoMoco	HocoMoco	HocoMoco	Kulakovskiy	2013	23175603	July 2014	Ensembl	http://www.ensembl.org/	2011	Oct	26
T044545_1.02	F115_1.02	TS19_1.02	M5854_1.02	MS20_1.02	ENSG00000172845	SP3	Homo_sapiens	D	C2H2 ZF	zf-C2H2	1	0.7	SP3_1	SELEX	Jolma	SELEX	Jolma	2013	23332764	January 2013	Ensembl	http://www.ensembl.org/	2011	Oct	26
T044552_1.02	F115_1.02	TS19_1.02	M1969_1.02	MS19_1.02	ENSG00000173404	INSM1	Homo_sapiens	D	C2H2 ZF	zf-C2H2	1	0.7	MA0155.1	COMPILED	JASPAR	JASPAR	Mathelier	2014	24194598	August 2014	Ensembl	http://www.ensembl.org/	2011	Oct	26
T044556_1.02	F115_1.02	TS19_1.02	M6541_1.02	MS18_1.02	ENSG00000174282	ZBTB4	Homo_sapiens	D	C2H2 ZF	zf-C2H2	1	0.7	ZBTB4_si	HocoMoco	HocoMoco	HocoMoco	Kulakovskiy	2013	23175603	July 2014	Ensembl	http://www.ensembl.org/	2011	Oct	26
T044557_1.02	F115_1.02	TS19_1.02	M5490_1.02	MS20_1.02	ENSG00000174332	GLIS1	Homo_sapiens	D	C2H2 ZF	zf-C2H2	1	0.7	GLIS1_1	SELEX	Jolma	SELEX	Jolma	2013	23332764	January 2013	Ensembl	http://www.ensembl.org/	2011	Oct	26
T044559_1.02	F115_1.02	TS19_1.02	M5592_1.02	MS20_1.02	ENSG00000174595	KLF14	Homo_sapiens	D	C2H2 ZF	zf-C2H2	1	0.7	KLF14_1	SELEX	Jolma	SELEX	Jolma	2013	23332764	January 2013	Ensembl	http://www.ensembl.org/	2011	Oct	26
T044561_1.02	F115_1.02	TS19_1.02	M5965_1.02	MS20_1.02	ENSG00000174963	ZIC4	Homo_sapiens	D	C2H2 ZF	zf-C2H2	1	0.7	ZIC4_1	SELEX	Jolma	SELEX	Jolma	2013	23332764	January 2013	Ensembl	http://www.ensembl.org/	2011	Oct	26
T044569_1.02	F115_1.02	TS19_1.02	M4545_1.02	MS13_1.02	ENSG00000176083	ZNF683	Homo_sapiens	I	C2H2 ZF	zf-C2H2	1	0.7	HeLa-S3_PRDM1_Stanford	ChIP-seq	ENCODE	ChIP-seq	Gerstein	2012	22955619	January 2011	Ensembl	http://www.ensembl.org/	2011	Oct	26
T044577_1.02	F115_1.02	TS19_1.02	M6274_1.02	MS18_1.02	ENSG00000177374	HIC1	Homo_sapiens	D	C2H2 ZF	zf-C2H2	1	0.7	HIC1_si	HocoMoco	HocoMoco	HocoMoco	Kulakovskiy	2013	23175603	July 2014	Ensembl	http://www.ensembl.org/	2011	Oct	26
T044578_1.02	F115_1.02	TS19_1.02	M2323_1.02	MS19_1.02	ENSG00000177485	ZBTB33	Homo_sapiens	D	C2H2 ZF	zf-C2H2	1	0.7	MA0527.1	ChIP-seq	JASPAR	JASPAR	Mathelier	2014	24194598	August 2014	Ensembl	http://www.ensembl.org/	2011	Oct	26
T044583_1.02	F115_1.02	TS19_1.02	M1950_1.02	MS19_1.02	ENSG00000177932	ZNF354C	Homo_sapiens	D	C2H2 ZF	zf-C2H2	1	0.7	MA0130.1	SELEX	JASPAR	JASPAR	Mathelier	2014	24194598	August 2014	Ensembl	http://www.ensembl.org/	2011	Oct	26
T044591_1.02	F115_1.02	TS19_1.02	M5976_1.02	MS20_1.02	ENSG00000178665	ZNF713	Homo_sapiens	D	C2H2 ZF	zf-C2H2	1	0.7	ZNF713_1	SELEX	Jolma	SELEX	Jolma	2013	23332764	January 2013	Ensembl	http://www.ensembl.org/	2011	Oct	26
T044594_1.02	F115_1.02	TS19_1.02	M4640_1.02	MS13_1.02	ENSG00000178951	ZBTB7A	Homo_sapiens	D	C2H2 ZF	zf-C2H2	1	0.7	K562_ZBTB7A_HudsonAlpha	ChIP-seq	ENCODE	ChIP-seq	Gerstein	2012	22955619	January 2011	Ensembl	http://www.ensembl.org/	2011	Oct	26
T044595_1.02	F115_1.02	TS19_1.02	M1919_1.02	MS19_1.02	ENSG00000179059	ZFP42	Homo_sapiens	I	C2H2 ZF	zf-C2H2	1	0.7	MA0095.2	ChIP-seq	JASPAR	JASPAR	Mathelier	2014	24194598	August 2014	Ensembl	http://www.ensembl.org/	2011	Oct	26
T044597_1.02	F115_1.02	TS19_1.02	M5369_1.02	MS20_1.02	ENSG00000179388	EGR3	Homo_sapiens	D	C2H2 ZF	zf-C2H2	1	0.7	EGR3_1	SELEX	Jolma	SELEX	Jolma	2013	23332764	January 2013	Ensembl	http://www.ensembl.org/	2011	Oct	26
T044598_1.02	F115_1.02	TS19_1.02	M5968_1.02	MS20_1.02	ENSG00000179456	ZBTB18	Homo_sapiens	D	C2H2 ZF	zf-C2H2	1	0.7	ZNF238_1	SELEX	Jolma	SELEX	Jolma	2013	23332764	January 2013	Ensembl	http://www.ensembl.org/	2011	Oct	26
T044600_1.02	F115_1.02	TS19_1.02	M3841_1.02	MS26_1.02	ENSG00000179627	ZBTB42	Homo_sapiens	I	C2H2 ZF	zf-C2H2	1	0.7	V$RP58_01	Transfac	Transfac	Transfac	Matys	2006	16381825	2014.2	Ensembl	http://www.ensembl.org/	2011	Oct	26
T044602_1.02	F115_1.02	TS19_1.02	M5980_1.02	MS20_1.02	ENSG00000179922	ZNF784	Homo_sapiens	D	C2H2 ZF	zf-C2H2	1	0.7	ZNF784_1	SELEX	Jolma	SELEX	Jolma	2013	23332764	January 2013	Ensembl	http://www.ensembl.org/	2011	Oct	26
T044611_1.02	F115_1.02	TS19_1.02	M5981_1.02	MS20_1.02	ENSG00000180532	ZSCAN4	Homo_sapiens	D	C2H2 ZF	zf-C2H2	1	0.7	ZSCAN4_1	SELEX	Jolma	SELEX	Jolma	2013	23332764	January 2013	Ensembl	http://www.ensembl.org/	2011	Oct	26
T044625_1.02	F115_1.02	TS19_1.02	M1972_1.02	MS19_1.02	ENSG00000181690	PLAG1	Homo_sapiens	D	C2H2 ZF	zf-C2H2	1	0.7	MA0163.1	B1H	JASPAR	JASPAR	Mathelier	2014	24194598	August 2014	Ensembl	http://www.ensembl.org/	2011	Oct	26
T044645_1.02	F115_1.02	TS19_1.02	M5962_1.02	MS20_1.02	ENSG00000184828	ZBTB7C	Homo_sapiens	D	C2H2 ZF	zf-C2H2	1	0.7	ZBTB7C_1	SELEX	Jolma	SELEX	Jolma	2013	23332764	January 2013	Ensembl	http://www.ensembl.org/	2011	Oct	26
T044646_1.02	F115_1.02	TS19_1.02	M6535_1.02	MS18_1.02	ENSG00000184937	WT1	Homo_sapiens	D	C2H2 ZF	zf-C2H2	1	0.7	WT1_f1	HocoMoco	HocoMoco	HocoMoco	Kulakovskiy	2013	23175603	July 2014	Ensembl	http://www.ensembl.org/	2011	Oct	26
T044652_1.02	F115_1.02	TS19_1.02	M1906_1.02	MS19_1.02	ENSG00000185591	SP1	Homo_sapiens	D	C2H2 ZF	zf-C2H2	1	0.7	MA0079.3	ChIP-seq	JASPAR	JASPAR	Mathelier	2014	24194598	August 2014	Ensembl	http://www.ensembl.org/	2011	Oct	26
T044653_1.02	F115_1.02	TS19_1.02	M0424_1.02	MS12_1.02	ENSG00000185669	SNAI3	Homo_sapiens	I	C2H2 ZF	zf-C2H2	1	0.7	pTH2340	PBM	DREAM_contest	PBM	Weirauch	2013	23354101	NULL	Ensembl	http://www.ensembl.org/	2011	Oct	26
T044654_1.02	F115_1.02	TS19_1.02	M0442_1.02	MS02_1.02	ENSG00000185670	ZBTB3	Homo_sapiens	I	C2H2 ZF	zf-C2H2	1	0.7	Zbtb3_1048	PBM	Badis09	PBM	Badis	2009	19443739	NULL	Ensembl	http://www.ensembl.org/	2011	Oct	26
T044656_1.02	F115_1.02	TS19_1.02	M6305_1.02	MS18_1.02	ENSG00000185811	IKZF1	Homo_sapiens	D	C2H2 ZF	zf-C2H2	1	0.7	IKZF1_f1	HocoMoco	HocoMoco	HocoMoco	Kulakovskiy	2013	23175603	July 2014	Ensembl	http://www.ensembl.org/	2011	Oct	26
T044663_1.02	F115_1.02	TS19_1.02	M6542_1.02	MS18_1.02	ENSG00000186130	ZBTB6	Homo_sapiens	D	C2H2 ZF	zf-C2H2	1	0.7	ZBTB6_si	HocoMoco	HocoMoco	HocoMoco	Kulakovskiy	2013	23175603	July 2014	Ensembl	http://www.ensembl.org/	2011	Oct	26
T044667_1.02	F115_1.02	TS19_1.02	M5979_1.02	MS20_1.02	ENSG00000186376	ZNF75D	Homo_sapiens	I	C2H2 ZF	zf-C2H2	1	0.7	ZNF75A_1	SELEX	Jolma	SELEX	Jolma	2013	23332764	January 2013	Ensembl	http://www.ensembl.org/	2011	Oct	26
T044677_1.02	F115_1.02	TS19_1.02	M5971_1.02	MS20_1.02	ENSG00000187626	ZKSCAN4	Homo_sapiens	I	C2H2 ZF	zf-C2H2	1	0.7	ZNF306_1	SELEX	Jolma	SELEX	Jolma	2013	23332764	January 2013	Ensembl	http://www.ensembl.org/	2011	Oct	26
T044690_1.02	F115_1.02	TS19_1.02	M5642_1.02	MS20_1.02	ENSG00000188786	MTF1	Homo_sapiens	D	C2H2 ZF	zf-C2H2	1	0.7	MTF1_1	SELEX	Jolma	SELEX	Jolma	2013	23332764	January 2013	Ensembl	http://www.ensembl.org/	2011	Oct	26
T044695_1.02	F115_1.02	TS19_1.02	M5209_1.02	MS14_1.02	ENSG00000189120	SP6	Homo_sapiens	I	C2H2 ZF	zf-C2H2	1	0.7	Sp1_SANGER_5_FBgn0020378	B1H	FlyFactorSurvey	B1H	Zhu	2011	21097781	July 2012	Ensembl	http://www.ensembl.org/	2011	Oct	26
T044700_1.02	F115_1.02	TS19_1.02	M5971_1.02	MS20_1.02	ENSG00000189298	ZKSCAN3	Homo_sapiens	D	C2H2 ZF	zf-C2H2	1	0.7	ZNF306_1	SELEX	Jolma	SELEX	Jolma	2013	23332764	January 2013	Ensembl	http://www.ensembl.org/	2011	Oct	26
T044741_1.02	F115_1.02	TS19_1.02	M5973_1.02	MS20_1.02	ENSG00000196812	ZSCAN16	Homo_sapiens	D	C2H2 ZF	zf-C2H2	1	0.7	ZNF435_1	SELEX	Jolma	SELEX	Jolma	2013	23332764	January 2013	Ensembl	http://www.ensembl.org/	2011	Oct	26
T044757_1.02	F115_1.02	TS19_1.02	M0395_1.02	MS02_1.02	ENSG00000197062	RP5-874C20.3	Homo_sapiens	I	C2H2 ZF	zf-C2H2	1	0.7	Zfp187_2626	PBM	Badis09	PBM	Badis	2009	19443739	NULL	Ensembl	http://www.ensembl.org/	2011	Oct	26
T044795_1.02	F115_1.02	TS19_1.02	M0432_1.02	MS02_1.02	ENSG00000198081	ZBTB14	Homo_sapiens	I	C2H2 ZF	zf-C2H2	1	0.7	Zfp161_2858	PBM	Badis09	PBM	Badis	2009	19443739	NULL	Ensembl	http://www.ensembl.org/	2011	Oct	26
T044827_1.02	F115_1.02	TS19_1.02	M6111_1.02	MS20_1.02	ENSG00000198740	ZNF652	Homo_sapiens	I	C2H2 ZF	zf-C2H2	1	0.7	Zfp652_1	SELEX	Jolma	SELEX	Jolma	2013	23332764	January 2013	Ensembl	http://www.ensembl.org/	2011	Oct	26
T044833_1.02	F115_1.02	TS19_1.02	M5209_1.02	MS14_1.02	ENSG00000204335	SP5	Homo_sapiens	I	C2H2 ZF	zf-C2H2	1	0.7	Sp1_SANGER_5_FBgn0020378	B1H	FlyFactorSurvey	B1H	Zhu	2011	21097781	July 2012	Ensembl	http://www.ensembl.org/	2011	Oct	26
T044834_1.02	F115_1.02	TS19_1.02	M0433_1.02	MS02_1.02	ENSG00000204366	ZBTB12	Homo_sapiens	I	C2H2 ZF	zf-C2H2	1	0.7	Zbtb12_2932	PBM	Badis09	PBM	Badis	2009	19443739	NULL	Ensembl	http://www.ensembl.org/	2011	Oct	26
T044875_1.02	F115_1.02	TS19_1.02	M5805_1.02	MS20_1.02	ENSG00000215397	SCRT2	Homo_sapiens	D	C2H2 ZF	zf-C2H2	1	0.7	SCRT2_1	SELEX	Jolma	SELEX	Jolma	2013	23332764	January 2013	Ensembl	http://www.ensembl.org/	2011	Oct	26
T044879_1.02	F115_1.02	TS19_1.02	M5856_1.02	MS20_1.02	ENSG00000217236	SP9	Homo_sapiens	I	C2H2 ZF	zf-C2H2	1	0.7	SP8_1	SELEX	Jolma	SELEX	Jolma	2013	23332764	January 2013	Ensembl	http://www.ensembl.org/	2011	Oct	26
T044903_1.02	F115_1.02	TS19_1.02	M5955_1.02	MS20_1.02	ENSG00000230797	YY2	Homo_sapiens	D	C2H2 ZF	zf-C2H2	1	0.7	YY2_1	SELEX	Jolma	SELEX	Jolma	2013	23332764	January 2013	Ensembl	http://www.ensembl.org/	2011	Oct	26
T070491_1.02	F118_1.02	TS19_1.02	M1890_1.02	MS19_1.02	ENSG00000001167	NFYA	Homo_sapiens	D	CBF/NF-Y	CBFB_NFYA	1	0.7	MA0060.2	ChIP-seq	JASPAR	JASPAR	Mathelier	2014	24194598	August 2014	Ensembl	http://www.ensembl.org/	2011	Oct	26
T071076_1.02	F121_1.02	TS19_1.02	M5320_1.02	MS20_1.02	ENSG00000125817	CENPB	Homo_sapiens	D	CENPB	CENP-B_N	1	0.7	CENPB_1	SELEX	Jolma	SELEX	Jolma	2013	23332764	January 2013	Ensembl	http://www.ensembl.org/	2011	Oct	26
T072268_1.02	F129_1.02	TS19_1.02	M6537_1.02	MS18_1.02	ENSG00000006047	YBX2	Homo_sapiens	I	CSD	CSD	1	0.7	YBOX1_f2	HocoMoco	HocoMoco	HocoMoco	Kulakovskiy	2013	23175603	July 2014	Ensembl	http://www.ensembl.org/	2011	Oct	26
T072270_1.02	F129_1.02	TS19_1.02	M6537_1.02	MS18_1.02	ENSG00000060138	YBX3	Homo_sapiens	I	CSD	CSD	1	0.7	YBOX1_f2	HocoMoco	HocoMoco	HocoMoco	Kulakovskiy	2013	23175603	July 2014	Ensembl	http://www.ensembl.org/	2011	Oct	26
T072271_1.02	F129_1.02	TS19_1.02	M6537_1.02	MS18_1.02	ENSG00000065978	YBX1	Homo_sapiens	D	CSD	CSD	1	0.7	YBOX1_f2	HocoMoco	HocoMoco	HocoMoco	Kulakovskiy	2013	23175603	July 2014	Ensembl	http://www.ensembl.org/	2011	Oct	26
T073106_1.02	F130_1.02	TS19_1.02	M6499_1.02	MS18_1.02	ENSG00000168214	RBPJ	Homo_sapiens	D	CSL	LAG1-DNAbind	1	0.7	SUH_f1	HocoMoco	HocoMoco	HocoMoco	Kulakovskiy	2013	23175603	July 2014	Ensembl	http://www.ensembl.org/	2011	Oct	26
T073531_1.02	F133_1.02	TS19_1.02	M5696_1.02	MS20_1.02	ENSG00000119547	ONECUT2	Homo_sapiens	D	CUT,Homeodomain	CUT,Homeobox	2	0.7	ONECUT2_1	SELEX	Jolma	SELEX	Jolma	2013	23332764	January 2013	Ensembl	http://www.ensembl.org/	2011	Oct	26
T073532_1.02	F133_1.02	TS19_1.02	M5334_1.02	MS20_1.02	ENSG00000160967	CUX1	Homo_sapiens	D	CUT,Homeodomain	CUT,Homeobox	2	0.7	CUX1_3	SELEX	Jolma	SELEX	Jolma	2013	23332764	January 2013	Ensembl	http://www.ensembl.org/	2011	Oct	26
T073533_1.02	F133_1.02	TS19_1.02	M5694_1.02	MS20_1.02	ENSG00000169856	ONECUT1	Homo_sapiens	D	CUT,Homeodomain	CUT,Homeobox	2	0.7	ONECUT1_1	SELEX	Jolma	SELEX	Jolma	2013	23332764	January 2013	Ensembl	http://www.ensembl.org/	2011	Oct	26
T073535_1.02	F133_1.02	TS19_1.02	M5697_1.02	MS20_1.02	ENSG00000205922	ONECUT3	Homo_sapiens	D	CUT,Homeodomain	CUT,Homeobox	2	0.7	ONECUT3_1	SELEX	Jolma	SELEX	Jolma	2013	23332764	January 2013	Ensembl	http://www.ensembl.org/	2011	Oct	26
T073873_1.02	F134_1.02	TS19_1.02	M0594_1.02	MS29_1.02	ENSG00000189308	LIN54	Homo_sapiens	I	CxC	CXC	1	0.7	pTH8566	PBM	Zoo_01	PBM	Weirauch	2014	25215497	NULL	Ensembl	http://www.ensembl.org/	2011	Oct	26
T074503_1.02	F139_1.02	TS19_1.02	M0607_1.02	MS29_1.02	ENSG00000089094	KDM2B	Homo_sapiens	D	CxxC	zf-CXXC	1	1	pTH9191	PBM	Zoo_01	PBM	Weirauch	2014	25215497	NULL	Ensembl	http://www.ensembl.org/	2011	Oct	26
T074506_1.02	F139_1.02	TS19_1.02	M0608_1.02	MS29_1.02	ENSG00000118058	KMT2A	Homo_sapiens	D	CxxC	zf-CXXC	1	1	pTH7031	PBM	Zoo_01	PBM	Weirauch	2014	25215497	NULL	Ensembl	http://www.ensembl.org/	2011	Oct	26
T074507_1.02	F139_1.02	TS19_1.02	M0609_1.02	MS29_1.02	ENSG00000130816	DNMT1	Homo_sapiens	D	CxxC	zf-CXXC	1	1	pTH7029	PBM	Zoo_01	PBM	Weirauch	2014	25215497	NULL	Ensembl	http://www.ensembl.org/	2011	Oct	26
T074508_1.02	F139_1.02	TS19_1.02	M0610_1.02	MS29_1.02	ENSG00000138336	TET1	Homo_sapiens	D	CxxC	zf-CXXC	1	1	pTH9605	PBM	Zoo_01	PBM	Weirauch	2014	25215497	NULL	Ensembl	http://www.ensembl.org/	2011	Oct	26
T074509_1.02	F139_1.02	TS19_1.02	M6185_1.02	MS18_1.02	ENSG00000154832	CXXC1	Homo_sapiens	D	CxxC	zf-CXXC	1	1	CXXC1_si	HocoMoco	HocoMoco	HocoMoco	Kulakovskiy	2013	23175603	July 2014	Ensembl	http://www.ensembl.org/	2011	Oct	26
T075122_1.02	F140_1.02	TS19_1.02	M0629_1.02	MS29_1.02	ENSG00000064218	DMRT3	Homo_sapiens	D	DM	DM	1	0.85	pTH9188	PBM	Zoo_01	PBM	Weirauch	2014	25215497	NULL	Ensembl	http://www.ensembl.org/	2011	Oct	26
T075123_1.02	F140_1.02	TS19_1.02	M0630_1.02	MS29_1.02	ENSG00000137090	DMRT1	Homo_sapiens	D	DM	DM	1	0.85	pTH9197	PBM	Zoo_01	PBM	Weirauch	2014	25215497	NULL	Ensembl	http://www.ensembl.org/	2011	Oct	26
T075124_1.02	F140_1.02	TS19_1.02	M0635_1.02	MS12_1.02	ENSG00000142025	DMRTC2	Homo_sapiens	I	DM	DM	1	0.85	pTH3205	PBM	DREAM_contest	PBM	Weirauch	2013	23354101	NULL	Ensembl	http://www.ensembl.org/	2011	Oct	26
T075125_1.02	F140_1.02	TS19_1.02	M0632_1.02	MS29_1.02	ENSG00000142700	DMRTA2	Homo_sapiens	D	DM	DM	1	0.85	pTH9198	PBM	Zoo_01	PBM	Weirauch	2014	25215497	NULL	Ensembl	http://www.ensembl.org/	2011	Oct	26
T075127_1.02	F140_1.02	TS19_1.02	M0633_1.02	MS29_1.02	ENSG00000173253	DMRT2	Homo_sapiens	D	DM	DM	1	0.85	pTH9189	PBM	Zoo_01	PBM	Weirauch	2014	25215497	NULL	Ensembl	http://www.ensembl.org/	2011	Oct	26
T076310_1.02	F146_1.02	TS19_1.02	M6515_1.02	MS18_1.02	ENSG00000114126	TFDP2	Homo_sapiens	I	DP,E2F	DP,E2F_TDP	2	0.7	TFDP1_f1	HocoMoco	HocoMoco	HocoMoco	Kulakovskiy	2013	23175603	July 2014	Ensembl	http://www.ensembl.org/	2011	Oct	26
T076311_1.02	F146_1.02	TS19_1.02	M6515_1.02	MS18_1.02	ENSG00000183434	TFDP3	Homo_sapiens	I	DP,E2F	DP,E2F_TDP	2	0.7	TFDP1_f1	HocoMoco	HocoMoco	HocoMoco	Kulakovskiy	2013	23175603	July 2014	Ensembl	http://www.ensembl.org/	2011	Oct	26
T076312_1.02	F146_1.02	TS19_1.02	M6515_1.02	MS18_1.02	ENSG00000198176	TFDP1	Homo_sapiens	D	DP,E2F	DP,E2F_TDP	2	0.7	TFDP1_f1	HocoMoco	HocoMoco	HocoMoco	Kulakovskiy	2013	23175603	July 2014	Ensembl	http://www.ensembl.org/	2011	Oct	26
T076673_1.02	F147_1.02	TS19_1.02	M5356_1.02	MS20_1.02	ENSG00000007968	E2F2	Homo_sapiens	D	E2F	E2F_TDP	1	0.85	E2F2_3	SELEX	Jolma	SELEX	Jolma	2013	23332764	January 2013	Ensembl	http://www.ensembl.org/	2011	Oct	26
T076673_1.02	F147_1.02	TS19_1.02	M5354_1.02	MS20_1.02	ENSG00000007968	E2F2	Homo_sapiens	D	E2F	E2F_TDP	1	0.85	E2F2_1	SELEX	Jolma	SELEX	Jolma	2013	23332764	January 2013	Ensembl	http://www.ensembl.org/	2011	Oct	26
T076673_1.02	F147_1.02	TS19_1.02	M5355_1.02	MS20_1.02	ENSG00000007968	E2F2	Homo_sapiens	D	E2F	E2F_TDP	1	0.85	E2F2_2	SELEX	Jolma	SELEX	Jolma	2013	23332764	January 2013	Ensembl	http://www.ensembl.org/	2011	Oct	26
T076674_1.02	F147_1.02	TS19_1.02	M1856_1.02	MS19_1.02	ENSG00000101412	E2F1	Homo_sapiens	D	E2F	E2F_TDP	1	0.85	MA0024.2	ChIP-seq	JASPAR	JASPAR	Mathelier	2014	24194598	August 2014	Ensembl	http://www.ensembl.org/	2011	Oct	26
T076675_1.02	F147_1.02	TS19_1.02	M5359_1.02	MS20_1.02	ENSG00000112242	E2F3	Homo_sapiens	D	E2F	E2F_TDP	1	0.85	E2F3_3	SELEX	Jolma	SELEX	Jolma	2013	23332764	January 2013	Ensembl	http://www.ensembl.org/	2011	Oct	26
T076675_1.02	F147_1.02	TS19_1.02	M5358_1.02	MS20_1.02	ENSG00000112242	E2F3	Homo_sapiens	D	E2F	E2F_TDP	1	0.85	E2F3_2	SELEX	Jolma	SELEX	Jolma	2013	23332764	January 2013	Ensembl	http://www.ensembl.org/	2011	Oct	26
T076675_1.02	F147_1.02	TS19_1.02	M5357_1.02	MS20_1.02	ENSG00000112242	E2F3	Homo_sapiens	D	E2F	E2F_TDP	1	0.85	E2F3_1	SELEX	Jolma	SELEX	Jolma	2013	23332764	January 2013	Ensembl	http://www.ensembl.org/	2011	Oct	26
T076676_1.02	F147_1.02	TS19_1.02	M5363_1.02	MS20_1.02	ENSG00000129173	E2F8	Homo_sapiens	D	E2F	E2F_TDP	1	0.85	E2F8_1	SELEX	Jolma	SELEX	Jolma	2013	23332764	January 2013	Ensembl	http://www.ensembl.org/	2011	Oct	26
T076677_1.02	F147_1.02	TS19_1.02	M6194_1.02	MS18_1.02	ENSG00000133740	E2F5	Homo_sapiens	D	E2F	E2F_TDP	1	0.85	E2F5_do	HocoMoco	HocoMoco	HocoMoco	Kulakovskiy	2013	23175603	July 2014	Ensembl	http://www.ensembl.org/	2011	Oct	26
T076678_1.02	F147_1.02	TS19_1.02	M5362_1.02	MS20_1.02	ENSG00000165891	E2F7	Homo_sapiens	D	E2F	E2F_TDP	1	0.85	E2F7_1	SELEX	Jolma	SELEX	Jolma	2013	23332764	January 2013	Ensembl	http://www.ensembl.org/	2011	Oct	26
T076679_1.02	F147_1.02	TS19_1.02	M2273_1.02	MS19_1.02	ENSG00000169016	E2F6	Homo_sapiens	D	E2F	E2F_TDP	1	0.85	MA0471.1	ChIP-seq	JASPAR	JASPAR	Mathelier	2014	24194598	August 2014	Ensembl	http://www.ensembl.org/	2011	Oct	26
T076680_1.02	F147_1.02	TS19_1.02	M2272_1.02	MS19_1.02	ENSG00000205250	E2F4	Homo_sapiens	D	E2F	E2F_TDP	1	0.85	MA0470.1	ChIP-seq	JASPAR	JASPAR	Mathelier	2014	24194598	August 2014	Ensembl	http://www.ensembl.org/	2011	Oct	26
T077335_1.02	F150_1.02	TS19_1.02	M1953_1.02	MS19_1.02	ENSG00000012048	BRCA1	Homo_sapiens	D	EIN3	EIN3	1	0.35	MA0133.1	SELEX	JASPAR	JASPAR	Mathelier	2014	24194598	August 2014	Ensembl	http://www.ensembl.org/	2011	Oct	26
T077979_1.02	F153_1.02	TS19_1.02	M5420_1.02	MS20_1.02	ENSG00000006468	ETV1	Homo_sapiens	D	Ets	Ets	1	0.5	ETV1_1	SELEX	Jolma	SELEX	Jolma	2013	23332764	January 2013	Ensembl	http://www.ensembl.org/	2011	Oct	26
T077980_1.02	F153_1.02	TS19_1.02	M6224_1.02	MS18_1.02	ENSG00000010030	ETV7	Homo_sapiens	D	Ets	Ets	1	0.5	ETV7_si	HocoMoco	HocoMoco	HocoMoco	Kulakovskiy	2013	23175603	July 2014	Ensembl	http://www.ensembl.org/	2011	Oct	26
T077981_1.02	F153_1.02	TS19_1.02	M4631_1.02	MS13_1.02	ENSG00000066336	SPI1	Homo_sapiens	D	Ets	Ets	1	0.5	K562_PU1_HudsonAlpha	ChIP-seq	ENCODE	ChIP-seq	Gerstein	2012	22955619	January 2011	Ensembl	http://www.ensembl.org/	2011	Oct	26
T077982_1.02	F153_1.02	TS19_1.02	M5377_1.02	MS20_1.02	ENSG00000102034	ELF4	Homo_sapiens	D	Ets	Ets	1	0.5	ELF4_1	SELEX	Jolma	SELEX	Jolma	2013	23332764	January 2013	Ensembl	http://www.ensembl.org/	2011	Oct	26
T077983_1.02	F153_1.02	TS19_1.02	M5421_1.02	MS20_1.02	ENSG00000105672	ETV2	Homo_sapiens	D	Ets	Ets	1	0.5	ETV2_1	SELEX	Jolma	SELEX	Jolma	2013	23332764	January 2013	Ensembl	http://www.ensembl.org/	2011	Oct	26
T077984_1.02	F153_1.02	TS19_1.02	M5398_1.02	MS20_1.02	ENSG00000105722	ERF	Homo_sapiens	D	Ets	Ets	1	0.5	ERF_1	SELEX	Jolma	SELEX	Jolma	2013	23332764	January 2013	Ensembl	http://www.ensembl.org/	2011	Oct	26
T077985_1.02	F153_1.02	TS19_1.02	M6204_1.02	MS18_1.02	ENSG00000109381	ELF2	Homo_sapiens	D	Ets	Ets	1	0.5	ELF2_f1	HocoMoco	HocoMoco	HocoMoco	Kulakovskiy	2013	23175603	July 2014	Ensembl	http://www.ensembl.org/	2011	Oct	26
T077986_1.02	F153_1.02	TS19_1.02	M5384_1.02	MS20_1.02	ENSG00000111145	ELK3	Homo_sapiens	D	Ets	Ets	1	0.5	ELK3_1	SELEX	Jolma	SELEX	Jolma	2013	23332764	January 2013	Ensembl	http://www.ensembl.org/	2011	Oct	26
T077987_1.02	F153_1.02	TS19_1.02	M5422_1.02	MS20_1.02	ENSG00000117036	ETV3	Homo_sapiens	D	Ets	Ets	1	0.5	ETV3_1	SELEX	Jolma	SELEX	Jolma	2013	23332764	January 2013	Ensembl	http://www.ensembl.org/	2011	Oct	26
T077988_1.02	F153_1.02	TS19_1.02	M2275_1.02	MS19_1.02	ENSG00000120690	ELF1	Homo_sapiens	D	Ets	Ets	1	0.5	MA0473.1	ChIP-seq	JASPAR	JASPAR	Mathelier	2014	24194598	August 2014	Ensembl	http://www.ensembl.org/	2011	Oct	26
T077989_1.02	F153_1.02	TS19_1.02	M5857_1.02	MS20_1.02	ENSG00000124664	SPDEF	Homo_sapiens	D	Ets	Ets	1	0.5	SPDEF_1	SELEX	Jolma	SELEX	Jolma	2013	23332764	January 2013	Ensembl	http://www.ensembl.org/	2011	Oct	26
T077990_1.02	F153_1.02	TS19_1.02	M1860_1.02	MS19_1.02	ENSG00000126767	ELK1	Homo_sapiens	D	Ets	Ets	1	0.5	MA0028.1	SELEX	JASPAR	JASPAR	Mathelier	2014	24194598	August 2014	Ensembl	http://www.ensembl.org/	2011	Oct	26
T077991_1.02	F153_1.02	TS19_1.02	M5416_1.02	MS20_1.02	ENSG00000134954	ETS1	Homo_sapiens	D	Ets	Ets	1	0.5	ETS1_1	SELEX	Jolma	SELEX	Jolma	2013	23332764	January 2013	Ensembl	http://www.ensembl.org/	2011	Oct	26
T077992_1.02	F153_1.02	TS19_1.02	M2390_1.02	MS19_1.02	ENSG00000135373	EHF	Homo_sapiens	D	Ets	Ets	1	0.5	MA0598.1	ChIP-seq	JASPAR	JASPAR	Mathelier	2014	24194598	August 2014	Ensembl	http://www.ensembl.org/	2011	Oct	26
T077993_1.02	F153_1.02	TS19_1.02	M5378_1.02	MS20_1.02	ENSG00000135374	ELF5	Homo_sapiens	D	Ets	Ets	1	0.5	ELF5_1	SELEX	Jolma	SELEX	Jolma	2013	23332764	January 2013	Ensembl	http://www.ensembl.org/	2011	Oct	26
T077994_1.02	F153_1.02	TS19_1.02	M5426_1.02	MS20_1.02	ENSG00000139083	ETV6	Homo_sapiens	D	Ets	Ets	1	0.5	ETV6_2	SELEX	Jolma	SELEX	Jolma	2013	23332764	January 2013	Ensembl	http://www.ensembl.org/	2011	Oct	26
T077995_1.02	F153_1.02	TS19_1.02	M1908_1.02	MS19_1.02	ENSG00000142539	SPIB	Homo_sapiens	D	Ets	Ets	1	0.5	MA0081.1	SELEX	JASPAR	JASPAR	Mathelier	2014	24194598	August 2014	Ensembl	http://www.ensembl.org/	2011	Oct	26
T077996_1.02	F153_1.02	TS19_1.02	M2277_1.02	MS19_1.02	ENSG00000151702	FLI1	Homo_sapiens	D	Ets	Ets	1	0.5	MA0475.1	ChIP-seq	JASPAR	JASPAR	Mathelier	2014	24194598	August 2014	Ensembl	http://www.ensembl.org/	2011	Oct	26
T077997_1.02	F153_1.02	TS19_1.02	M4462_1.02	MS13_1.02	ENSG00000154727	GABPA	Homo_sapiens	D	Ets	Ets	1	0.5	GM12878_GABP_HudsonAlpha	ChIP-seq	ENCODE	ChIP-seq	Gerstein	2012	22955619	January 2011	Ensembl	http://www.ensembl.org/	2011	Oct	26
T077998_1.02	F153_1.02	TS19_1.02	M5399_1.02	MS20_1.02	ENSG00000157554	ERG	Homo_sapiens	D	Ets	Ets	1	0.5	ERG_1	SELEX	Jolma	SELEX	Jolma	2013	23332764	January 2013	Ensembl	http://www.ensembl.org/	2011	Oct	26
T077999_1.02	F153_1.02	TS19_1.02	M6221_1.02	MS18_1.02	ENSG00000157557	ETS2	Homo_sapiens	D	Ets	Ets	1	0.5	ETS2_f1	HocoMoco	HocoMoco	HocoMoco	Kulakovskiy	2013	23175603	July 2014	Ensembl	http://www.ensembl.org/	2011	Oct	26
T078000_1.02	F153_1.02	TS19_1.02	M1903_1.02	MS19_1.02	ENSG00000158711	ELK4	Homo_sapiens	D	Ets	Ets	1	0.5	MA0076.2	ChIP-seq	JASPAR	JASPAR	Mathelier	2014	24194598	August 2014	Ensembl	http://www.ensembl.org/	2011	Oct	26
T078001_1.02	F153_1.02	TS19_1.02	M5375_1.02	MS20_1.02	ENSG00000163435	ELF3	Homo_sapiens	D	Ets	Ets	1	0.5	ELF3_1	SELEX	Jolma	SELEX	Jolma	2013	23332764	January 2013	Ensembl	http://www.ensembl.org/	2011	Oct	26
T078002_1.02	F153_1.02	TS19_1.02	M5429_1.02	MS20_1.02	ENSG00000163497	FEV	Homo_sapiens	D	Ets	Ets	1	0.5	FEV_1	SELEX	Jolma	SELEX	Jolma	2013	23332764	January 2013	Ensembl	http://www.ensembl.org/	2011	Oct	26
T078003_1.02	F153_1.02	TS19_1.02	M5865_1.02	MS20_1.02	ENSG00000166211	SPIC	Homo_sapiens	D	Ets	Ets	1	0.5	SPIC_1	SELEX	Jolma	SELEX	Jolma	2013	23332764	January 2013	Ensembl	http://www.ensembl.org/	2011	Oct	26
T078004_1.02	F153_1.02	TS19_1.02	M5423_1.02	MS20_1.02	ENSG00000175832	ETV4	Homo_sapiens	D	Ets	Ets	1	0.5	ETV4_1	SELEX	Jolma	SELEX	Jolma	2013	23332764	January 2013	Ensembl	http://www.ensembl.org/	2011	Oct	26
T078006_1.02	F153_1.02	TS19_1.02	M5424_1.02	MS20_1.02	ENSG00000244405	ETV5	Homo_sapiens	D	Ets	Ets	1	0.5	ETV5_1	SELEX	Jolma	SELEX	Jolma	2013	23332764	January 2013	Ensembl	http://www.ensembl.org/	2011	Oct	26
T081584_1.02	F160_1.02	TS19_1.02	M5474_1.02	MS20_1.02	ENSG00000049768	FOXP3	Homo_sapiens	D	Forkhead	Fork_head	1	0.4	FOXP3_1	SELEX	Jolma	SELEX	Jolma	2013	23332764	January 2013	Ensembl	http://www.ensembl.org/	2011	Oct	26
T081585_1.02	F160_1.02	TS19_1.02	M5454_1.02	MS20_1.02	ENSG00000053254	FOXN3	Homo_sapiens	I	Forkhead	Fork_head	1	0.4	FOXJ2_2	SELEX	Jolma	SELEX	Jolma	2013	23332764	January 2013	Ensembl	http://www.ensembl.org/	2011	Oct	26
T081586_1.02	F160_1.02	TS19_1.02	M1864_1.02	MS19_1.02	ENSG00000054598	FOXC1	Homo_sapiens	D	Forkhead	Fork_head	1	0.4	MA0032.1	SELEX	JASPAR	JASPAR	Mathelier	2014	24194598	August 2014	Ensembl	http://www.ensembl.org/	2011	Oct	26
T081587_1.02	F160_1.02	TS19_1.02	M5454_1.02	MS20_1.02	ENSG00000065970	FOXJ2	Homo_sapiens	D	Forkhead	Fork_head	1	0.4	FOXJ2_2	SELEX	Jolma	SELEX	Jolma	2013	23332764	January 2013	Ensembl	http://www.ensembl.org/	2011	Oct	26
T081588_1.02	F160_1.02	TS19_1.02	M6238_1.02	MS18_1.02	ENSG00000103241	FOXF1	Homo_sapiens	D	Forkhead	Fork_head	1	0.4	FOXF1_f1	HocoMoco	HocoMoco	HocoMoco	Kulakovskiy	2013	23175603	July 2014	Ensembl	http://www.ensembl.org/	2011	Oct	26
T081590_1.02	F160_1.02	TS19_1.02	M6244_1.02	MS18_1.02	ENSG00000111206	FOXM1	Homo_sapiens	D	Forkhead	Fork_head	1	0.4	FOXM1_f1	HocoMoco	HocoMoco	HocoMoco	Kulakovskiy	2013	23175603	July 2014	Ensembl	http://www.ensembl.org/	2011	Oct	26
T081591_1.02	F160_1.02	TS19_1.02	M2283_1.02	MS19_1.02	ENSG00000114861	FOXP1	Homo_sapiens	D	Forkhead	Fork_head	1	0.4	MA0481.1	ChIP-seq	JASPAR	JASPAR	Mathelier	2014	24194598	August 2014	Ensembl	http://www.ensembl.org/	2011	Oct	26
T081592_1.02	F160_1.02	TS19_1.02	M5466_1.02	MS20_1.02	ENSG00000118689	FOXO3	Homo_sapiens	D	Forkhead	Fork_head	1	0.4	FOXO3_2	SELEX	Jolma	SELEX	Jolma	2013	23332764	January 2013	Ensembl	http://www.ensembl.org/	2011	Oct	26
T081593_1.02	F160_1.02	TS19_1.02	M4567_1.02	MS13_1.02	ENSG00000125798	FOXA2	Homo_sapiens	D	Forkhead	Fork_head	1	0.4	HepG2_FOXA2_HudsonAlpha	ChIP-seq	ENCODE	ChIP-seq	Gerstein	2012	22955619	January 2011	Ensembl	http://www.ensembl.org/	2011	Oct	26
T081594_1.02	F160_1.02	TS19_1.02	M2385_1.02	MS19_1.02	ENSG00000128573	FOXP2	Homo_sapiens	D	Forkhead	Fork_head	1	0.4	MA0593.1	ChIP-seq	JASPAR	JASPAR	Mathelier	2014	24194598	August 2014	Ensembl	http://www.ensembl.org/	2011	Oct	26
T081595_1.02	F160_1.02	TS19_1.02	M1965_1.02	MS19_1.02	ENSG00000129514	FOXA1	Homo_sapiens	D	Forkhead	Fork_head	1	0.4	MA0148.3	ChIP-seq	JASPAR	JASPAR	Mathelier	2014	24194598	August 2014	Ensembl	http://www.ensembl.org/	2011	Oct	26
T081596_1.02	F160_1.02	TS19_1.02	M0728_1.02	MS02_1.02	ENSG00000129654	FOXJ1	Homo_sapiens	I	Forkhead	Fork_head	1	0.4	Foxj1_3125	PBM	Badis09	PBM	Badis	2009	19443739	NULL	Ensembl	http://www.ensembl.org/	2011	Oct	26
T081597_1.02	F160_1.02	TS19_1.02	M0717_1.02	MS29_1.02	ENSG00000137166	FOXP4	Homo_sapiens	I	Forkhead	Fork_head	1	0.4	pTH5656	PBM	Zoo_01	PBM	Weirauch	2014	25215497	NULL	Ensembl	http://www.ensembl.org/	2011	Oct	26
T081598_1.02	F160_1.02	TS19_1.02	M1862_1.02	MS19_1.02	ENSG00000137273	FOXF2	Homo_sapiens	D	Forkhead	Fork_head	1	0.4	MA0030.1	SELEX	JASPAR	JASPAR	Mathelier	2014	24194598	August 2014	Ensembl	http://www.ensembl.org/	2011	Oct	26
T081600_1.02	F160_1.02	TS19_1.02	M0736_1.02	MS02_1.02	ENSG00000141568	FOXK2	Homo_sapiens	I	Forkhead	Fork_head	1	0.4	Foxk1_2323	PBM	Badis09	PBM	Badis	2009	19443739	NULL	Ensembl	http://www.ensembl.org/	2011	Oct	26
T081601_1.02	F160_1.02	TS19_1.02	M5462_1.02	MS20_1.02	ENSG00000150907	FOXO1	Homo_sapiens	D	Forkhead	Fork_head	1	0.4	FOXO1_1	SELEX	Jolma	SELEX	Jolma	2013	23332764	January 2013	Ensembl	http://www.ensembl.org/	2011	Oct	26
T081602_1.02	F160_1.02	TS19_1.02	M2281_1.02	MS19_1.02	ENSG00000160973	FOXH1	Homo_sapiens	D	Forkhead	Fork_head	1	0.4	MA0479.1	ChIP-seq	JASPAR	JASPAR	Mathelier	2014	24194598	August 2014	Ensembl	http://www.ensembl.org/	2011	Oct	26
T081603_1.02	F160_1.02	TS19_1.02	M6250_1.02	MS18_1.02	ENSG00000164379	FOXQ1	Homo_sapiens	D	Forkhead	Fork_head	1	0.4	FOXQ1_f1	HocoMoco	HocoMoco	HocoMoco	Kulakovskiy	2013	23175603	July 2014	Ensembl	http://www.ensembl.org/	2011	Oct	26
T081604_1.02	F160_1.02	TS19_1.02	M5459_1.02	MS20_1.02	ENSG00000164916	FOXK1	Homo_sapiens	D	Forkhead	Fork_head	1	0.4	FOXK1_1	SELEX	Jolma	SELEX	Jolma	2013	23332764	January 2013	Ensembl	http://www.ensembl.org/	2011	Oct	26
T081605_1.02	F160_1.02	TS19_1.02	M1874_1.02	MS19_1.02	ENSG00000168269	FOXI1	Homo_sapiens	D	Forkhead	Fork_head	1	0.4	MA0042.1	SELEX	JASPAR	JASPAR	Mathelier	2014	24194598	August 2014	Ensembl	http://www.ensembl.org/	2011	Oct	26
T081606_1.02	F160_1.02	TS19_1.02	M1873_1.02	MS19_1.02	ENSG00000170122	FOXD4	Homo_sapiens	I	Forkhead	Fork_head	1	0.4	MA0041.1	SELEX	JASPAR	JASPAR	Mathelier	2014	24194598	August 2014	Ensembl	http://www.ensembl.org/	2011	Oct	26
T081607_1.02	F160_1.02	TS19_1.02	M6234_1.02	MS18_1.02	ENSG00000170608	FOXA3	Homo_sapiens	D	Forkhead	Fork_head	1	0.4	FOXA3_f1	HocoMoco	HocoMoco	HocoMoco	Kulakovskiy	2013	23175603	July 2014	Ensembl	http://www.ensembl.org/	2011	Oct	26
T081608_1.02	F160_1.02	TS19_1.02	M6016_1.02	MS20_1.02	ENSG00000170802	FOXN2	Homo_sapiens	I	Forkhead	Fork_head	1	0.4	Foxj3_3	SELEX	Jolma	SELEX	Jolma	2013	23332764	January 2013	Ensembl	http://www.ensembl.org/	2011	Oct	26
T081609_1.02	F160_1.02	TS19_1.02	M5437_1.02	MS20_1.02	ENSG00000171956	FOXB1	Homo_sapiens	D	Forkhead	Fork_head	1	0.4	FOXB1_3	SELEX	Jolma	SELEX	Jolma	2013	23332764	January 2013	Ensembl	http://www.ensembl.org/	2011	Oct	26
T081610_1.02	F160_1.02	TS19_1.02	M0719_1.02	MS29_1.02	ENSG00000176165	FOXG1	Homo_sapiens	D	Forkhead	Fork_head	1	0.4	pTH5501	PBM	Zoo_01	PBM	Weirauch	2014	25215497	NULL	Ensembl	http://www.ensembl.org/	2011	Oct	26
T081612_1.02	F160_1.02	TS19_1.02	M1865_1.02	MS19_1.02	ENSG00000176678	FOXL1	Homo_sapiens	D	Forkhead	Fork_head	1	0.4	MA0033.1	SELEX	JASPAR	JASPAR	Mathelier	2014	24194598	August 2014	Ensembl	http://www.ensembl.org/	2011	Oct	26
T081613_1.02	F160_1.02	TS19_1.02	M5444_1.02	MS20_1.02	ENSG00000176692	FOXC2	Homo_sapiens	D	Forkhead	Fork_head	1	0.4	FOXC2_3	SELEX	Jolma	SELEX	Jolma	2013	23332764	January 2013	Ensembl	http://www.ensembl.org/	2011	Oct	26
T081614_1.02	F160_1.02	TS19_1.02	M1873_1.02	MS19_1.02	ENSG00000178919	FOXE1	Homo_sapiens	I	Forkhead	Fork_head	1	0.4	MA0041.1	SELEX	JASPAR	JASPAR	Mathelier	2014	24194598	August 2014	Ensembl	http://www.ensembl.org/	2011	Oct	26
T081615_1.02	F160_1.02	TS19_1.02	M0732_1.02	MS12_1.02	ENSG00000179772	FOXS1	Homo_sapiens	I	Forkhead	Fork_head	1	0.4	pTH3796	PBM	DREAM_contest	PBM	Weirauch	2013	23354101	NULL	Ensembl	http://www.ensembl.org/	2011	Oct	26
T081616_1.02	F160_1.02	TS19_1.02	M0747_1.02	MS02_1.02	ENSG00000183770	FOXL2	Homo_sapiens	I	Forkhead	Fork_head	1	0.4	Foxl1_2809	PBM	Badis09	PBM	Badis	2009	19443739	NULL	Ensembl	http://www.ensembl.org/	2011	Oct	26
T081617_1.02	F160_1.02	TS19_1.02	M5469_1.02	MS20_1.02	ENSG00000184481	FOXO4	Homo_sapiens	D	Forkhead	Fork_head	1	0.4	FOXO4_2	SELEX	Jolma	SELEX	Jolma	2013	23332764	January 2013	Ensembl	http://www.ensembl.org/	2011	Oct	26
T081618_1.02	F160_1.02	TS19_1.02	M1863_1.02	MS19_1.02	ENSG00000184492	FOXD4L1	Homo_sapiens	I	Forkhead	Fork_head	1	0.4	MA0031.1	SELEX	JASPAR	JASPAR	Mathelier	2014	24194598	August 2014	Ensembl	http://www.ensembl.org/	2011	Oct	26
T081619_1.02	F160_1.02	TS19_1.02	M1863_1.02	MS19_1.02	ENSG00000184659	FOXD4L4	Homo_sapiens	I	Forkhead	Fork_head	1	0.4	MA0031.1	SELEX	JASPAR	JASPAR	Mathelier	2014	24194598	August 2014	Ensembl	http://www.ensembl.org/	2011	Oct	26
T081620_1.02	F160_1.02	TS19_1.02	M5446_1.02	MS20_1.02	ENSG00000186564	FOXD2	Homo_sapiens	D	Forkhead	Fork_head	1	0.4	FOXD2_2	SELEX	Jolma	SELEX	Jolma	2013	23332764	January 2013	Ensembl	http://www.ensembl.org/	2011	Oct	26
T081621_1.02	F160_1.02	TS19_1.02	M1874_1.02	MS19_1.02	ENSG00000186766	FOXI2	Homo_sapiens	I	Forkhead	Fork_head	1	0.4	MA0042.1	SELEX	JASPAR	JASPAR	Mathelier	2014	24194598	August 2014	Ensembl	http://www.ensembl.org/	2011	Oct	26
T081622_1.02	F160_1.02	TS19_1.02	M1863_1.02	MS19_1.02	ENSG00000186790	FOXE3	Homo_sapiens	I	Forkhead	Fork_head	1	0.4	MA0031.1	SELEX	JASPAR	JASPAR	Mathelier	2014	24194598	August 2014	Ensembl	http://www.ensembl.org/	2011	Oct	26
T081623_1.02	F160_1.02	TS19_1.02	M5448_1.02	MS20_1.02	ENSG00000187140	FOXD3	Homo_sapiens	D	Forkhead	Fork_head	1	0.4	FOXD3_2	SELEX	Jolma	SELEX	Jolma	2013	23332764	January 2013	Ensembl	http://www.ensembl.org/	2011	Oct	26
T081624_1.02	F160_1.02	TS19_1.02	M1863_1.02	MS19_1.02	ENSG00000187559	FOXD4L3	Homo_sapiens	I	Forkhead	Fork_head	1	0.4	MA0031.1	SELEX	JASPAR	JASPAR	Mathelier	2014	24194598	August 2014	Ensembl	http://www.ensembl.org/	2011	Oct	26
T081626_1.02	F160_1.02	TS19_1.02	M5456_1.02	MS20_1.02	ENSG00000198815	FOXJ3	Homo_sapiens	D	Forkhead	Fork_head	1	0.4	FOXJ3_1	SELEX	Jolma	SELEX	Jolma	2013	23332764	January 2013	Ensembl	http://www.ensembl.org/	2011	Oct	26
T081627_1.02	F160_1.02	TS19_1.02	M5472_1.02	MS20_1.02	ENSG00000204060	FOXO6	Homo_sapiens	D	Forkhead	Fork_head	1	0.4	FOXO6_2	SELEX	Jolma	SELEX	Jolma	2013	23332764	January 2013	Ensembl	http://www.ensembl.org/	2011	Oct	26
T081628_1.02	F160_1.02	TS19_1.02	M0737_1.02	MS29_1.02	ENSG00000204612	FOXB2	Homo_sapiens	I	Forkhead	Fork_head	1	0.4	pTH2808	PBM	Zoo_01	PBM	Weirauch	2014	25215497	NULL	Ensembl	http://www.ensembl.org/	2011	Oct	26
T081629_1.02	F160_1.02	TS19_1.02	M1863_1.02	MS19_1.02	ENSG00000204779	FOXD4L5	Homo_sapiens	I	Forkhead	Fork_head	1	0.4	MA0031.1	SELEX	JASPAR	JASPAR	Mathelier	2014	24194598	August 2014	Ensembl	http://www.ensembl.org/	2011	Oct	26
T081630_1.02	F160_1.02	TS19_1.02	M1863_1.02	MS19_1.02	ENSG00000204793	FOXD4L6	Homo_sapiens	I	Forkhead	Fork_head	1	0.4	MA0031.1	SELEX	JASPAR	JASPAR	Mathelier	2014	24194598	August 2014	Ensembl	http://www.ensembl.org/	2011	Oct	26
T081631_1.02	F160_1.02	TS19_1.02	M1863_1.02	MS19_1.02	ENSG00000204828	FOXD4L2	Homo_sapiens	I	Forkhead	Fork_head	1	0.4	MA0031.1	SELEX	JASPAR	JASPAR	Mathelier	2014	24194598	August 2014	Ensembl	http://www.ensembl.org/	2011	Oct	26
T081632_1.02	F160_1.02	TS19_1.02	M0718_1.02	MS29_1.02	ENSG00000242802	AP5Z1	Homo_sapiens	I	Forkhead	Fork_head	1	0.4	pTH6108	PBM	Zoo_01	PBM	Weirauch	2014	25215497	NULL	Ensembl	http://www.ensembl.org/	2011	Oct	26
T081633_1.02	F160_1.02	TS19_1.02	M1863_1.02	MS19_1.02	ENSG00000251493	FOXD1	Homo_sapiens	D	Forkhead	Fork_head	1	0.4	MA0031.1	SELEX	JASPAR	JASPAR	Mathelier	2014	24194598	August 2014	Ensembl	http://www.ensembl.org/	2011	Oct	26
T084675_1.02	F163_1.02	TS19_1.02	M4600_1.02	MS13_1.02	ENSG00000102145	GATA1	Homo_sapiens	D	GATA	GATA	1	0.7	K562b_GATA1_UCD	ChIP-seq	ENCODE	ChIP-seq	Gerstein	2012	22955619	January 2011	Ensembl	http://www.ensembl.org/	2011	Oct	26
T084677_1.02	F163_1.02	TS19_1.02	M1869_1.02	MS19_1.02	ENSG00000107485	GATA3	Homo_sapiens	D	GATA	GATA	1	0.7	MA0037.2	ChIP-seq	JASPAR	JASPAR	Mathelier	2014	24194598	August 2014	Ensembl	http://www.ensembl.org/	2011	Oct	26
T084678_1.02	F163_1.02	TS19_1.02	M5479_1.02	MS20_1.02	ENSG00000130700	GATA5	Homo_sapiens	D	GATA	GATA	1	0.7	GATA5_1	SELEX	Jolma	SELEX	Jolma	2013	23332764	January 2013	Ensembl	http://www.ensembl.org/	2011	Oct	26
T084679_1.02	F163_1.02	TS19_1.02	M5478_1.02	MS20_1.02	ENSG00000136574	GATA4	Homo_sapiens	D	GATA	GATA	1	0.7	GATA4_1	SELEX	Jolma	SELEX	Jolma	2013	23332764	January 2013	Ensembl	http://www.ensembl.org/	2011	Oct	26
T084680_1.02	F163_1.02	TS19_1.02	M6258_1.02	MS18_1.02	ENSG00000141448	GATA6	Homo_sapiens	D	GATA	GATA	1	0.7	GATA6_f2	HocoMoco	HocoMoco	HocoMoco	Kulakovskiy	2013	23175603	July 2014	Ensembl	http://www.ensembl.org/	2011	Oct	26
T084684_1.02	F163_1.02	TS19_1.02	M1868_1.02	MS19_1.02	ENSG00000179348	GATA2	Homo_sapiens	D	GATA	GATA	1	0.7	MA0036.2	ChIP-seq	JASPAR	JASPAR	Mathelier	2014	24194598	August 2014	Ensembl	http://www.ensembl.org/	2011	Oct	26
T086745_1.02	F168_1.02	TS19_1.02	M5487_1.02	MS20_1.02	ENSG00000124827	GCM2	Homo_sapiens	D	GCM	GCM	1	0.5	GCM2_1	SELEX	Jolma	SELEX	Jolma	2013	23332764	January 2013	Ensembl	http://www.ensembl.org/	2011	Oct	26
T086746_1.02	F168_1.02	TS19_1.02	M5484_1.02	MS20_1.02	ENSG00000137270	GCM1	Homo_sapiens	D	GCM	GCM	1	0.5	GCM1_1	SELEX	Jolma	SELEX	Jolma	2013	23332764	January 2013	Ensembl	http://www.ensembl.org/	2011	Oct	26
T087283_1.02	F173_1.02	TS19_1.02	M5498_1.02	MS20_1.02	ENSG00000134317	GRHL1	Homo_sapiens	D	Grainyhead	CP2	1	0.7	GRHL1_2	SELEX	Jolma	SELEX	Jolma	2013	23332764	January 2013	Ensembl	http://www.ensembl.org/	2011	Oct	26
T087284_1.02	F173_1.02	TS19_1.02	M5928_1.02	MS20_1.02	ENSG00000135457	TFCP2	Homo_sapiens	D	Grainyhead	CP2	1	0.7	TFCP2_1	SELEX	Jolma	SELEX	Jolma	2013	23332764	January 2013	Ensembl	http://www.ensembl.org/	2011	Oct	26
T087285_1.02	F173_1.02	TS19_1.02	M6529_1.02	MS18_1.02	ENSG00000153560	UBP1	Homo_sapiens	D	Grainyhead	CP2	1	0.7	UBIP1_f1	HocoMoco	HocoMoco	HocoMoco	Kulakovskiy	2013	23175603	July 2014	Ensembl	http://www.ensembl.org/	2011	Oct	26
T093224_1.02	F180_1.02	TS19_1.02	M5291_1.02	MS20_1.02	ENSG00000004848	ARX	Homo_sapiens	D	Homeodomain	Homeobox	1	0.7	ARX_1	SELEX	Jolma	SELEX	Jolma	2013	23332764	January 2013	Ensembl	http://www.ensembl.org/	2011	Oct	26
T093225_1.02	F180_1.02	TS19_1.02	M1007_1.02	MS04_1.02	ENSG00000005073	HOXA11	Homo_sapiens	I	Homeodomain	Homeobox	1	0.7	Hoxa11_2218	PBM	Berger08	PBM	Berger	2008	18585359	NULL	Ensembl	http://www.ensembl.org/	2011	Oct	26
T093226_1.02	F180_1.02	TS19_1.02	M5623_1.02	MS20_1.02	ENSG00000005102	MEOX1	Homo_sapiens	D	Homeodomain	Homeobox	1	0.7	MEOX1_1	SELEX	Jolma	SELEX	Jolma	2013	23332764	January 2013	Ensembl	http://www.ensembl.org/	2011	Oct	26
T093227_1.02	F180_1.02	TS19_1.02	M5344_1.02	MS20_1.02	ENSG00000006377	DLX6	Homo_sapiens	D	Homeodomain	Homeobox	1	0.7	DLX6_1	SELEX	Jolma	SELEX	Jolma	2013	23332764	January 2013	Ensembl	http://www.ensembl.org/	2011	Oct	26
T093228_1.02	F180_1.02	TS19_1.02	M6315_1.02	MS18_1.02	ENSG00000016082	ISL1	Homo_sapiens	D	Homeodomain	Homeobox	1	0.7	ISL1_f1	HocoMoco	HocoMoco	HocoMoco	Kulakovskiy	2013	23175603	July 2014	Ensembl	http://www.ensembl.org/	2011	Oct	26
T093229_1.02	F180_1.02	TS19_1.02	M6300_1.02	MS18_1.02	ENSG00000037965	HOXC8	Homo_sapiens	D	Homeodomain	Homeobox	1	0.7	HXC8_f1	HocoMoco	HocoMoco	HocoMoco	Kulakovskiy	2013	23175603	July 2014	Ensembl	http://www.ensembl.org/	2011	Oct	26
T093230_1.02	F180_1.02	TS19_1.02	M6157_1.02	MS18_1.02	ENSG00000043039	BARX2	Homo_sapiens	D	Homeodomain	Homeobox	1	0.7	BARX2_si	HocoMoco	HocoMoco	HocoMoco	Kulakovskiy	2013	23175603	July 2014	Ensembl	http://www.ensembl.org/	2011	Oct	26
T093231_1.02	F180_1.02	TS19_1.02	M5287_1.02	MS20_1.02	ENSG00000052850	ALX4	Homo_sapiens	D	Homeodomain	Homeobox	1	0.7	ALX4_1	SELEX	Jolma	SELEX	Jolma	2013	23332764	January 2013	Ensembl	http://www.ensembl.org/	2011	Oct	26
T093232_1.02	F180_1.02	TS19_1.02	M5501_1.02	MS20_1.02	ENSG00000063515	GSC2	Homo_sapiens	D	Homeodomain	Homeobox	1	0.7	GSC2_1	SELEX	Jolma	SELEX	Jolma	2013	23332764	January 2013	Ensembl	http://www.ensembl.org/	2011	Oct	26
T093233_1.02	F180_1.02	TS19_1.02	M5341_1.02	MS20_1.02	ENSG00000064195	DLX3	Homo_sapiens	D	Homeodomain	Homeobox	1	0.7	DLX3_1	SELEX	Jolma	SELEX	Jolma	2013	23332764	January 2013	Ensembl	http://www.ensembl.org/	2011	Oct	26
T093234_1.02	F180_1.02	TS19_1.02	M5717_1.02	MS20_1.02	ENSG00000069011	PITX1	Homo_sapiens	D	Homeodomain	Homeobox	1	0.7	PITX1_1	SELEX	Jolma	SELEX	Jolma	2013	23332764	January 2013	Ensembl	http://www.ensembl.org/	2011	Oct	26
T093235_1.02	F180_1.02	TS19_1.02	M5531_1.02	MS20_1.02	ENSG00000078399	HOXA9	Homo_sapiens	D	Homeodomain	Homeobox	1	0.7	HOXA10_1	SELEX	Jolma	SELEX	Jolma	2013	23332764	January 2013	Ensembl	http://www.ensembl.org/	2011	Oct	26
T093236_1.02	F180_1.02	TS19_1.02	M0931_1.02	MS04_1.02	ENSG00000089116	LHX5	Homo_sapiens	I	Homeodomain	Homeobox	1	0.7	Lhx1_2240	PBM	Berger08	PBM	Berger	2008	18585359	NULL	Ensembl	http://www.ensembl.org/	2011	Oct	26
T093238_1.02	F180_1.02	TS19_1.02	M0994_1.02	MS04_1.02	ENSG00000100625	SIX4	Homo_sapiens	I	Homeodomain	Homeobox	1	0.7	Six4_2860	PBM	Berger08	PBM	Berger	2008	18585359	NULL	Ensembl	http://www.ensembl.org/	2011	Oct	26
T093239_1.02	F180_1.02	TS19_1.02	M5949_1.02	MS20_1.02	ENSG00000100987	VSX1	Homo_sapiens	D	Homeodomain	Homeobox	1	0.7	VSX1_1	SELEX	Jolma	SELEX	Jolma	2013	23332764	January 2013	Ensembl	http://www.ensembl.org/	2011	Oct	26
T093242_1.02	F180_1.02	TS19_1.02	M5783_1.02	MS20_1.02	ENSG00000101883	RHOXF1	Homo_sapiens	D	Homeodomain	Homeobox	1	0.7	RHOXF1_2	SELEX	Jolma	SELEX	Jolma	2013	23332764	January 2013	Ensembl	http://www.ensembl.org/	2011	Oct	26
T093243_1.02	F180_1.02	TS19_1.02	M6182_1.02	MS18_1.02	ENSG00000105392	CRX	Homo_sapiens	D	Homeodomain	Homeobox	1	0.7	CRX_si	HocoMoco	HocoMoco	HocoMoco	Kulakovskiy	2013	23175603	July 2014	Ensembl	http://www.ensembl.org/	2011	Oct	26
T093244_1.02	F180_1.02	TS19_1.02	M5621_1.02	MS20_1.02	ENSG00000105419	MEIS3	Homo_sapiens	D	Homeodomain	Homeobox	1	0.7	MEIS3_1	SELEX	Jolma	SELEX	Jolma	2013	23332764	January 2013	Ensembl	http://www.ensembl.org/	2011	Oct	26
T093245_1.02	F180_1.02	TS19_1.02	M6413_1.02	MS18_1.02	ENSG00000105717	PBX4	Homo_sapiens	I	Homeodomain	Homeobox	1	0.7	PBX2_f1	HocoMoco	HocoMoco	HocoMoco	Kulakovskiy	2013	23175603	July 2014	Ensembl	http://www.ensembl.org/	2011	Oct	26
T093246_1.02	F180_1.02	TS19_1.02	M5343_1.02	MS20_1.02	ENSG00000105880	DLX5	Homo_sapiens	D	Homeodomain	Homeobox	1	0.7	DLX5_1	SELEX	Jolma	SELEX	Jolma	2013	23332764	January 2013	Ensembl	http://www.ensembl.org/	2011	Oct	26
T093247_1.02	F180_1.02	TS19_1.02	M5533_1.02	MS20_1.02	ENSG00000105991	HOXA1	Homo_sapiens	D	Homeodomain	Homeobox	1	0.7	HOXA1_1	SELEX	Jolma	SELEX	Jolma	2013	23332764	January 2013	Ensembl	http://www.ensembl.org/	2011	Oct	26
T093248_1.02	F180_1.02	TS19_1.02	M5538_1.02	MS20_1.02	ENSG00000105996	HOXA2	Homo_sapiens	D	Homeodomain	Homeobox	1	0.7	HOXA2_1	SELEX	Jolma	SELEX	Jolma	2013	23332764	January 2013	Ensembl	http://www.ensembl.org/	2011	Oct	26
T093249_1.02	F180_1.02	TS19_1.02	M3433_1.02	MS26_1.02	ENSG00000105997	HOXA3	Homo_sapiens	D	Homeodomain	Homeobox	1	0.7	V$HOXA3_01	Transfac	Transfac	Transfac	Matys	2006	16381825	2014.2	Ensembl	http://www.ensembl.org/	2011	Oct	26
T093250_1.02	F180_1.02	TS19_1.02	M6292_1.02	MS18_1.02	ENSG00000106004	HOXA5	Homo_sapiens	D	Homeodomain	Homeobox	1	0.7	HXA5_si	HocoMoco	HocoMoco	HocoMoco	Kulakovskiy	2013	23175603	July 2014	Ensembl	http://www.ensembl.org/	2011	Oct	26
T093251_1.02	F180_1.02	TS19_1.02	M1027_1.02	MS04_1.02	ENSG00000106006	HOXA6	Homo_sapiens	I	Homeodomain	Homeobox	1	0.7	Hoxa6_1040	PBM	Berger08	PBM	Berger	2008	18585359	NULL	Ensembl	http://www.ensembl.org/	2011	Oct	26
T093252_1.02	F180_1.02	TS19_1.02	M5534_1.02	MS20_1.02	ENSG00000106031	HOXA13	Homo_sapiens	D	Homeodomain	Homeobox	1	0.7	HOXA13_1	SELEX	Jolma	SELEX	Jolma	2013	23332764	January 2013	Ensembl	http://www.ensembl.org/	2011	Oct	26
T093252_1.02	F180_1.02	TS19_1.02	M5535_1.02	MS20_1.02	ENSG00000106031	HOXA13	Homo_sapiens	D	Homeodomain	Homeobox	1	0.7	HOXA13_2	SELEX	Jolma	SELEX	Jolma	2013	23332764	January 2013	Ensembl	http://www.ensembl.org/	2011	Oct	26
T093253_1.02	F180_1.02	TS19_1.02	M5427_1.02	MS20_1.02	ENSG00000106038	EVX1	Homo_sapiens	D	Homeodomain	Homeobox	1	0.7	EVX1_1	SELEX	Jolma	SELEX	Jolma	2013	23332764	January 2013	Ensembl	http://www.ensembl.org/	2011	Oct	26
T093254_1.02	F180_1.02	TS19_1.02	M0888_1.02	MS29_1.02	ENSG00000106410	NOBOX	Homo_sapiens	D	Homeodomain	Homeobox	1	0.7	pTH6448	PBM	Zoo_01	PBM	Weirauch	2014	25215497	NULL	Ensembl	http://www.ensembl.org/	2011	Oct	26
T093255_1.02	F180_1.02	TS19_1.02	M5624_1.02	MS20_1.02	ENSG00000106511	MEOX2	Homo_sapiens	D	Homeodomain	Homeobox	1	0.7	MEOX2_1	SELEX	Jolma	SELEX	Jolma	2013	23332764	January 2013	Ensembl	http://www.ensembl.org/	2011	Oct	26
T093256_1.02	F180_1.02	TS19_1.02	M5597_1.02	MS20_1.02	ENSG00000106689	LHX2	Homo_sapiens	D	Homeodomain	Homeobox	1	0.7	LHX2_1	SELEX	Jolma	SELEX	Jolma	2013	23332764	January 2013	Ensembl	http://www.ensembl.org/	2011	Oct	26
